1820 2506
975 89 1138 149 )(8)(

398 203 601 272 ceteri,
629 202 1007 279 cuiuscunque
1039 199 1281 262 demum
1295 196 1398 259 smt
1433 201 1709 261 conditio-

401 287 484 343 nis
510 298 685 364 atque
720 285 952 355 ordinis³
977 285 1096 342 solis
1119 287 1303 366 capite
1340 284 1509 344 censis
1542 307 1709 345 exce-

399 373 508 450 ptis
534 418 551 442 ,
604 369 1026 439 admonentur,
1092 389 1164 427 ne
1217 371 1506 449 negligant
1566 391 1714 429 neue

403 467 708 513 vereantur
759 456 960 514 liberos
1013 453 1132 511 suos
1174 465 1345 531 atque
1390 453 1711 513 necessarios

402 539 757 599 Academiae
813 537 1032 596 tradere
1055 583 1072 608 ‚
1127 538 1478 597 instruendos
1521 538 1713 597 libera-

403 623 541 682 libus
584 624 788 684 artibus
832 634 1004 702 atque
1048 621 1306 681 doctrina
1335 625 1587 681 ciuilium
1632 643 1715 681 re-

402 728 535 767 rum
561 755 579 779 ,
625 729 739 788 quo
759 709 939 768 Nobis
981 719 1042 766 et
1085 707 1422 788 reipublicae
1477 705 1612 766 fiant
1655 727 1714 766 v·

402 795 634 852 tiliores.
712 794 1049 853 Imbuentur
1103 804 1300 851 autem
1355 794 1417 850 iis
1467 792 1715 864 artibuS,

403 898 714 956 earumque
737 879 962 937 scientia
998 896 1188 936 rerum
1211 924 1228 949 ,
1275 875 1344 935 ad
1368 896 1500 956 quas
1522 896 1720 955 quem-

408 983 517 1042 que
561 961 825 1024 naturalis
863 964 975 1021 fert
1009 960 1304 1045 propensio
1329 1008 1348 1032 ,
1392 961 1606 1020 nullam
1639 963 1720 1019 in-

406 1047 709 1109 stitutionis
750 1049 979 1107 soluturi
1034 1046 1403 1118 mercedem,
1457 1048 1723 1105 cautione

410 1145 611 1192 tamen
655 1154 721 1192 ea
744 1180 760 1203 ,
796 1145 861 1191 vt
904 1135 1172 1190 alimenta
1196 1145 1257 1190 et
1292 1144 1505 1191 ceteras
1529 1151 1722 1189 neces-

409 1217 593 1277 fitates
636 1216 727 1277 fibi
771 1217 1107 1297 prospiciant
1134 1215 1249 1296 ipfi.
1336 1218 1607 1274 Senatum
1630 1236 1723 1274 au-

410 1314 537 1361 tem
589 1300 861 1361 Nostrum
912 1302 1174 1359 volumus
1230 1299 1565 1358 mandatum
1608 1300 1724 1360 hoc

409 1387 683 1449 Nostrum
724 1405 920 1446 curare
962 1386 1280 1465 diligenter.

420 1555 553 1594 Tabulis
576 1557 759 1594 authenticis
787 1556 977 1604 Imperatoria
1005 1554 1146 1600 Maiestas
1171 1553 1340 1603 subscripsit
1361 1563 1473 1588 nomen
1495 1552 1572 1589 insta
1594 1555 1725 1602 positum

1389 1665 1722 1704 ELISABETA.

485 1785 571 1823 Villa
598 1787 704 1837 regia,
732 1799 757 1822 a.
796 1795 898 1827 1747.
924 1782 981 1820 Iul.
1017 1795 1074 1831 24.

1543 2004 1723 2053 LEGES
