1820 2506
406 190 515 233 PER
543 182 800 232 MEDWM
835 181 1190 231 ELASTICVM
1351 200 1402 229 10
1410 199 1432 240 ς

133 307 205 350 hac
241 306 324 361 lege
366 318 414 347 eo
446 309 565 362 magis
606 308 800 360 recedent,
834 318 912 361 quo
946 306 1071 347 maior
1088 304 1199 346 fuerit
1218 315 1353 345 eorum
1372 317 1442 344 nu-

132 384 269 412 merus.
338 371 405 414 Ex
438 385 515 424 quo
550 372 800 425 intelligimus
832 371 966 412 sonum
999 370 1222 424 neutiquam
1263 381 1312 408 eo
1353 380 1441 408 mo-

129 435 182 475 do
200 468 212 488 ‚
245 447 323 490 quo
364 435 538 475 nonnulli
579 436 714 477 eximii
755 435 840 475 Viri
881 435 1049 486 volunt,
1085 446 1155 488 per
1188 445 1313 473 aerem
1348 444 1442 485 pro-

131 500 288 552 pagati,
323 500 386 554 qui
419 499 583 540 statuunt
600 533 611 552 ,
644 513 734 540 cum
768 499 883 539 corda
915 498 981 539 vel
1013 498 1112 538 aliud
1146 497 1442 538 instrumentum

127 562 308 604 sonorum
356 563 564 616 impellitur
579 597 589 616 ,
639 564 719 603 dari
764 564 804 603 in
853 575 938 602 aere
986 561 1173 605 eiusmodi
1212 559 1412 615 particulas
1430 592 1441 612 ,

129 638 224 680 quae
256 626 417 667 fimilem
450 635 604 666 motum
637 625 906 666 oscillatorium
938 626 1124 679 recipiant
1141 658 1152 677 ,
1185 637 1308 680 eoque
1333 636 1443 677 orga-

127 701 226 729 num
268 690 412 730 auditus
451 690 636 729 excitent.
712 689 823 745 Quae
872 688 1054 729 sententia
1071 723 1082 742 ‚
1130 702 1219 730 cum
1273 687 1445 742 pluribus

128 753 210 793 aliis
242 753 499 793 incommodis
532 752 679 793 laboret
695 786 706 805 ,
739 754 799 793 vti
833 754 873 793 in
908 753 1069 793 trastatu
1102 766 1196 794 meo
1231 754 1278 793 de
1296 751 1441 792 lumine

127 825 166 855 et
205 816 395 856 coloribus
436 816 581 856 ostendi
599 850 609 869 ,
652 829 753 857 nunc
794 818 914 857 etiam
962 817 1165 870 nequidem
1206 829 1299 857 cum
1348 827 1442 856 vera

126 878 274 919 theoria
307 879 477 933 pulsuum
511 892 581 933 per
613 880 785 921 medium
818 879 1010 921 elasticum
1027 889 1328 933 propagatorum
1344 891 1439 919 con-

127 942 249 983 fistere
281 943 435 996 potest:
471 952 584 997 atque
616 942 706 983 hinc
732 934 789 983 eo
822 943 943 996 magis
973 942 1246 983 corroboratur
1285 955 1328 982 ea
1344 953 1438 994 pro-

126 1006 340 1059 pagationis
371 1006 542 1062 pulsuum
578 1007 678 1049 ratio
694 1040 706 1060 ,
741 1019 856 1063 quam
897 1006 938 1047 in
971 1006 1110 1047 eodem
1149 1005 1290 1062 scripto
1330 1005 1440 1052 fufius

121 1070 293 1124 exposui.
1423 1082 1425 1085 ·

186 2148 306 2191 Tom.
342 2152 377 2193 1.
761 2152 803 2194 Ο
1179 2150 1433 2195 EXAMEN
