1820 2506
386 197 471 239 300
661 183 1063 230 MECHANICAE
1096 184 1411 234 COELESTIS

519 303 552 354 ξ.
583 315 647 354 17.
683 305 951 360 Disponendus
983 320 1083 348 nunc
1115 306 1187 346 erit
1219 307 1328 347 tubus
1359 321 1433 361 pro
1466 305 1688 350 obseruatio·

382 381 442 410 ne.
508 371 587 410 Hic
620 371 709 411 licet
742 372 974 424 longissimus
1013 371 1057 411 sit
1091 381 1129 410 et
1161 370 1395 423 grauissimus
1413 407 1424 426 ‚
1465 372 1596 426 absque
1631 373 1693 413 vl—

219 434 423 492 Tab.v1·1.³⁰
463 434 623 485 prolixo
665 435 844 487 adparatu
888 446 1015 474 tamen
1056 436 1199 488 poterit
1241 433 1379 487 reponi
1408 433 1516 487 super
1546 437 1693 490 aliquot

240 503 287 541 fig·
311 512 342 539 4·
379 496 545 536 stabellis
585 496 647 537 vel
690 496 828 537 mensis
866 496 932 554 es
947 496 1022 550 gh
1063 508 1126 538 aut
1166 499 1277 551 piane
1310 498 1348 538 in
1381 498 1524 552 pariete
1556 500 1695 540 domus

376 559 581 600 secundum
632 560 773 601 lineam
823 561 1071 602 meridianam
1092 594 1103 614 ,
1146 561 1302 601 boream
1343 561 1494 614 versus,
1535 561 1693 602 firmari.

380 624 428 665 In
461 623 552 664 foco
586 624 680 663 vitri
714 624 893 665 obiefflui
928 633 1016 665 ante
1045 625 1337 675 micrometrum
1355 625 1603 665 constituatur
1618 625 1698 666 dia-

378 688 567 742 phragma
599 699 653 727 ex
684 686 817 728 charta
849 689 953 728 tenui
986 689 1077 729 oleo
1103 689 1246 729 imbuta
1280 688 1344 728 vel
1364 689 1467 728 vitro
1501 700 1572 742 per
1591 689 1698 729 attri-

377 752 529 792 tionem
562 750 700 791 leuiter
730 751 932 792 obfuscato.
996 752 1044 793 In
1077 753 1210 793 medio
1244 751 1414 791 eiusdem
1447 752 1492 792 fit
1524 760 1699 805 apertura

378 827 524 868 campo
565 815 717 855 visionis
758 816 839 856 tubi
872 816 1031 869 aequalis
1072 816 1118 856 ad
1150 814 1275 855 radios
1311 814 1404 855 lucis
1437 814 1697 856 transmitten-

377 878 458 918 dos.
525 878 685 918 Inseruit
724 879 800 919 hoc
849 880 1094 933 diaphragma
1113 910 1124 930 ,
1175 879 1214 918 in
1247 888 1326 932 quo
1358 877 1488 932 imago
1522 877 1697 932 planetae

378 939 590 983 delineatur
608 973 618 993 ,
651 942 697 982 ad
727 955 812 982 eam
845 943 980 982 deinde
1013 943 1154 982 filcilius
1185 942 1230 982 ad
1249 941 1407 982 oculum
1441 942 1693 984 deferendam.

379 1003 543 1046 Arundo
576 1005 655 1045 tubi
690 1018 741 1045 ex
775 1002 949 1046 afferibus
982 1006 1020 1046 in
1054 1004 1173 1058 figura
1205 1003 1382 1059 quadrata
1416 1015 1480 1046 aut
1513 1006 1697 1059 iexangu-

378 1068 447 1109 lari
481 1067 609 1121 potest
643 1068 925 1120 conglutinari,
958 1068 1025 1108 vbi
1058 1066 1194 1109 iufficir
1213 1101 1223 1120 ,
1256 1067 1285 1109 fi
1315 1068 1361 1108 ad
1393 1069 1606 1110 distantiam
1625 1070 1697 1110 sin-

374 1130 552 1183 gulorum
590 1142 643 1169 10
679 1131 823 1183 pedum
858 1130 1019 1170 scabellis
1055 1130 1242 1171 fulciatur.
1301 1130 1377 1170 Vel
1407 1132 1524 1172 etiam
1556 1131 1584 1172 si
1602 1133 1699 1174 tubis

377 1192 512 1247 absque
544 1191 786 1234 arundinibus
817 1193 874 1233 vti
907 1193 1032 1247 placet
1051 1227 1062 1246 ‚
1094 1191 1233 1234 sufficit
1251 1226 1263 1245 ,
1295 1192 1323 1234 si
1356 1192 1501 1235 vitrum
1535 1193 1698 1236 obiciti-

379 1268 475 1298 vum
517 1257 659 1298 annulo
701 1256 919 1298 inuestiatur
959 1267 999 1298 et
1033 1257 1072 1299 in
1105 1256 1265 1298 scabello
1298 1257 1530 1298 verticaliter
1563 1258 1698 1301 firme-

350 1318 355 1322 ’
378 1329 453 1362 tur.
518 1320 567 1362 In
600 1320 720 1362 altero
759 1321 919 1363 scabello
949 1320 1160 1363 collocetur
1191 1319 1343 1361 oculare
1373 1331 1462 1362 cum
1496 1321 1694 1377 diaphrag-

378 1395 482 1426 mate
514 1394 553 1426 et
567 1384 834 1439 micrometro,
867 1385 1033 1426 breuiori
1073 1385 1168 1426 tubo
1200 1384 1396 1426 inclusum.
1464 1378 1601 1427 Ambo
1620 1386 1698 1428 sca-

378 1448 478 1490 bella
508 1450 561 1489 ita
588 1448 846 1503 disponantur,
882 1458 925 1489 vt
940 1450 1021 1490 axis
1053 1461 1122 1503 per
1153 1458 1281 1488 centra
1313 1450 1499 1491 vitrorum
1518 1450 1698 1493 tranfiens

379 1512 424 1553 fit
466 1513 716 1553 horizontalis
754 1524 793 1553 et
833 1526 926 1553 cum
959 1514 1057 1553 linea
1098 1513 1307 1552 meridiana
1341 1512 1535 1567 horologii
1567 1514 1697 1555 simul-

379 1589 454 1630 que
504 1584 593 1617 cum
632 1585 768 1616 centro
808 1576 945 1630 speculi
976 1584 1172 1629 congruat.
1214 1574 1347 1616 >Dico
1381 1575 1534 1617 subhac
1567 1576 1695 1632 dispo<-

378 1640 516 1681 sitione
556 1639 753 1694 planetam
796 1640 921 1694 quoad
954 1640 1141 1693 integram
1184 1651 1335 1680 moram
1369 1639 1476 1694 supra
1509 1640 1692 1683 horizon-

378 1713 460 1745 tem
494 1715 563 1758 per
595 1704 730 1744 tubum
764 1703 1007 1744 immobilem
1041 1700 1150 1757 posse
1180 1702 1377 1743 obseruari.

531 1768 564 1816 §.
593 1775 661 1810 18.
700 1765 986 1808 Collocauimus
1029 1768 1104 1807 iam
1138 1766 1269 1807 tubum
1304 1768 1343 1807 in
1378 1765 1478 1807 linea
1509 1766 1696 1811 horizon-

380 1831 447 1872 tali
495 1832 618 1872 versus
658 1831 972 1886 septentrionem.
1039 1830 1167 1871 Potest
1207 1842 1304 1870 vero
1344 1829 1483 1871 habere
1521 1835 1697 1886 quemuis

378 1895 498 1937 alium
539 1896 650 1936 situm
691 1905 731 1935 et
770 1894 1064 1936 inclinationem
1083 1927 1094 1948 ‚
1135 1907 1250 1949 quem
1290 1893 1397 1934 locus
1426 1895 1695 1939 obseruationis

380 1959 558 1999 concedit
576 1992 587 2011 ,
628 1959 845 2000 dummodo
902 1959 1054 2013 planeta
1095 1959 1221 1998 radios
1277 1955 1362 1998 suos
1409 1958 1455 1999 ad
1497 1958 1693 2014 speculum

380 2023 638 2063 transmittere
673 2022 786 2076 poffit
805 2055 816 2075 ,
851 2032 890 2063 et
924 2022 1064 2077 speculi
1096 2021 1259 2061 altitudo
1289 2031 1330 2061 et
1362 2022 1532 2064 distantia
1564 2024 1694 2065 secun-

383 2082 478 2125 dum
509 2085 799 2129 inclinationem
830 2084 952 2127 lineae
973 2097 1008 2140 g
1014 2085 1054 2142 f
1077 2084 1214 2127 fuerint
1245 2083 1530 2130 determinatae.
1564 2088 1692 2131 Potest

1575 2154 1693 2198 etiam
