1820 2506
890 132 920 191 )(
953 139 1007 183 ³8
1044 132 1076 190 )(

440 248 591 291 Fatetur
624 244 815 291 Celeberr.
852 248 985 290 auctor
1017 248 1256 290 theoremata
1285 246 1380 288 haec
1412 245 1542 301 primo
1573 247 1628 289 in-

318 313 417 353 tuitu
452 314 549 353 nihil
582 312 813 353 difficultatis
846 313 1040 353 inuoluere
1072 312 1227 364 videri,
1260 324 1463 366 earumque
1494 313 1631 353 verita-

323 385 405 416 tem
456 389 526 430 per
574 376 741 427 analysm
791 375 892 417 haud
934 376 1136 416 difficulter
1175 374 1337 428 agnosci.
1402 374 1477 417 Sed
1519 376 1634 429 longe

324 440 434 481 aliter
465 441 500 480 se
532 452 615 480 rem
649 439 786 480 habere
808 473 818 491 ,
860 439 888 479 fi
919 439 967 478 ab
996 440 1041 478 iis
1060 471 1071 490 ‚
1113 440 1179 492 qui
1220 439 1304 478 artis
1344 437 1533 489 analyseos
1565 451 1636 479 ex-

322 513 452 556 pertes
484 503 565 543 sunt
597 503 757 556 intelligi
790 503 982 554 debeant,
1023 513 1137 555 quem
1169 503 1208 541 in
1243 501 1363 542 finem
1405 512 1637 543 memoratus

325 567 357 606 F
359 568 539 608 ermatius
571 567 757 607 eiusmodi
791 565 1156 606 demonstrationem
1197 565 1474 618 geometricam
1511 565 1634 618 requi-

324 631 449 670 fiuerit
467 662 478 682 ,
511 643 605 684 quae
638 642 752 669 more
793 639 970 670 veterum
1013 626 1309 669 Geometrarum
1348 629 1391 670 fit
1423 628 1606 669 adornata
1624 661 1637 681 ‚

323 707 419 747 quae
460 693 507 734 ab
548 694 591 733 iis
632 694 750 734 etiam
791 694 855 747 qui
895 693 1032 745 analyfi
1073 704 1154 733 non
1193 693 1264 734 sint
1304 691 1443 733 adsueti
1475 692 1638 745 intelligi

321 756 449 812 poffit.

441 837 542 878 Rem
578 836 692 889 igitur
723 832 911 887 aggrefl‘us
943 835 1005 876 vir
1039 832 1322 875 Celeberrimus
1354 833 1529 875 omnium
1564 833 1635 875 ho-

324 912 412 940 rum
445 900 730 940 theorematum
765 899 1106 939 demonstrationes
1136 911 1232 951 pure
1265 896 1532 940 Geometricas
1564 908 1637 938 tra-

324 964 450 1015 didit,
485 965 523 1003 in
558 963 689 1016 quibus
722 961 869 1001 nullum
912 963 1106 1014 analyseos
1145 963 1369 1015 percipiatur
1402 961 1604 1014 vestigium
1625 994 1636 1014 ,

323 1039 420 1080 quae
453 1027 504 1066 ita
535 1034 758 1080 comparata
791 1026 873 1064 sunt
892 1058 903 1077 ‚
944 1036 989 1066 vt
1021 1026 1086 1066 hic
1119 1026 1300 1066 recenseri
1344 1037 1423 1065 non
1457 1037 1639 1066 commo·

325 1090 373 1131 de
403 1090 544 1145 possint
576 1100 617 1130 et
650 1102 671 1129 a
704 1087 955 1130 Geometriae
986 1089 1189 1131 cultoribus
1227 1090 1268 1130 in
1300 1089 1377 1143 ipsa
1415 1087 1639 1129 differtatio-

321 1167 373 1195 ne
407 1154 483 1208 legi
513 1155 686 1195 debeant.

319 1314 360 1352 L.
386 1313 561 1351 EVLERI
586 1313 653 1350 DE
679 1311 1296 1398 ΡΚΟΡΛῗῒὲἒῖῗὲνῐῇἶὶὃννΜ
1333 1311 1420 1352 PER
1443 1310 1636 1349 MEDIVM

317 1461 557 1579 Arduam
597 1472 680 1513 fime
715 1472 935 1523 materiam,
974 1482 1071 1524 quae
1103 1479 1231 1511 tamen
1262 1471 1302 1510 in
1336 1471 1494 1523 Physica
1526 1471 1639 1512 simul

460 1537 629 1579 maximi
678 1536 730 1576 est
788 1534 1019 1586 momenti3
1060 1533 1124 1574 fibi
1166 1534 1469 1587 pertractandam
1512 1535 1637 1576 sumsit

321 1602 384 1640 vir
426 1598 509 1641 Cel.
557 1602 651 1641 dum
695 1601 733 1640 in
776 1598 1096 1653 propagationem
1140 1598 1311 1651 pulsuum
1352 1612 1423 1652 per
1465 1600 1635 1639 medium

323 1664 514 1705 elasticum
559 1663 750 1718 inquirere
790 1673 946 1703 conatur
964 1694 975 1713 ,
1019 1661 1199 1715 siquidem
1237 1662 1305 1702 hac
1323 1662 1469 1702 theoria
1501 1664 1638 1704 inuen-
1673 1655 1676 1657 “

324 1737 363 1768 ta
383 1761 394 1780 ,
427 1741 522 1782 quae
557 1728 656 1769 circa
696 1728 777 1767 soni
822 1736 861 1766 et
893 1725 1045 1766 luminis
1076 1727 1398 1779 propagationem
1431 1735 1637 1767 occurrunt

322 1791 611 1847 phaenomena,
653 1791 764 1832 fimul
797 1790 951 1843 cognita
982 1797 1092 1829 erunt
1126 1798 1165 1828 et
1198 1790 1335 1831 exaste
1368 1790 1636 1832 determinata.

442 1880 543 1922 Hinc
577 1880 622 1919 ad
655 1878 916 1920 resoluendam
957 1876 1056 1918 hanc
1089 1877 1253 1918 maximi
1296 1878 1485 1918 momenti
1519 1891 1637 1933 quae,

324 1943 488 1985 stionem
531 1944 634 1983 viam
672 1942 838 1983 sternens
879 1953 933 1981 ex
974 1941 1108 1995 primis
1146 1942 1343 1994 principiis
1375 1942 1604 1982 mechanicis
1622 1974 1635 1995 ,

324 2021 348 2049 a
379 2008 461 2049 casu
494 2006 763 2059 simplicissimo
803 2005 969 2055 orditur,
1001 2005 1155 2044 vnicam
1188 2004 1392 2059 prticulam
1425 2005 1635 2046 solummo-

326 2072 380 2113 do
414 2070 700 2123 considerando,
735 2078 773 2109 et
805 2068 958 2110 tandem
993 2067 1140 2109 inuenit
1157 2100 1168 2120 ,
1202 2081 1287 2110 eam
1321 2069 1418 2111 circa
1450 2069 1634 2125 puncium

1463 2134 1633 2174 medium
