1820 2506
278 174 414 219 OVIS
432 170 546 218 PRO
565 165 1089 216 HERMAPHRODITO
1113 170 1336 216 HABITI.
1375 181 1464 226 317

298 293 438 335 Talem
471 293 690 334 examinaui
723 303 930 347 pauperam
948 322 961 344 ‚
1002 290 1175 332 stolidam
1197 323 1208 343 ,
1247 288 1475 344 lbeminam,

151 360 290 414 viginti
324 368 361 399 et
395 357 493 398 vltra
527 370 646 398 annos
692 355 1066 411 Hermaphroditum
1106 368 1129 396 a
1178 355 1375 396 natiuitate
1410 356 1476 401 dez·

155 425 374 465 clamatam.
441 422 547 463 Haec
582 422 796 463 mammosa
828 421 868 464 in
901 429 1009 475 parte
1039 419 1231 474 superiore
1263 420 1384 462 rimae
1401 432 1476 474 pu-

153 488 268 530 dendi
303 486 506 542 pendulam
541 487 695 539 gerebat
711 519 723 539 ,
759 485 879 540 figura
910 484 1074 527 similem
1108 486 1201 538 peni
1251 484 1364 526 verili
1396 484 1462 526 vir

153 565 243 607 gam
263 585 273 604 ,
308 550 441 605 glande
473 550 686 591 rubescente
703 583 716 602 ,
747 550 809 592 sed
843 548 1079 604 inperforato
1111 557 1347 602 coronatam,
1367 561 1477 603 prae-

153 617 266 671 putio
306 614 525 654 instructam
567 614 744 654 breuiore
762 647 774 667 ,
815 627 931 667 quam
964 624 1010 654 vt
1045 622 1173 654 totum
1205 612 1387 666 glandem
1419 622 1478 653 te-

155 689 261 734 geret
293 711 303 733 ,
345 677 439 718 haec
496 677 765 731 stsquiunciam
805 678 953 718 circiter
985 677 1101 731 longa
1118 710 1128 729 ,
1165 677 1376 719 minimum
1414 677 1479 718 di-

155 744 276 797 gitum
311 738 426 782 craffa
445 774 456 793 ,
490 741 662 782 manibus
693 741 853 783 trae‘tata
892 741 1101 796 erigebatur
1134 741 1344 783 antrorsum
1362 775 1373 795 ‚
1407 750 1446 782 et
1462 772 1475 793 ,

154 817 201 848 vt
233 806 344 861 penis
362 838 373 858 ,
410 805 531 860 duplo
570 807 695 846 maior
728 816 767 847 et
801 805 972 858 crassior,
1000 804 1216 859 rigescebat.
1283 806 1379 849 Rite
1410 817 1473 846 au-

153 880 236 912 tem
279 870 500 911 examinata
538 879 620 910 erat
660 869 738 923 ipsa
771 870 916 910 clitoris
935 901 946 921 ,
987 869 1053 909 sub
1083 882 1154 922 qua
1175 901 1186 921 ‚
1220 867 1328 913 labiis
1367 868 1476 911 didu-

152 934 222 976 stis
240 968 250 986 ,
286 933 613 987 conspiciebantur
644 932 845 974 muliebria
875 929 1142 986 perfectissima
1160 964 1171 985 ,
1215 940 1253 971 et
1285 931 1477 973 orificium

150 998 332 1041 vrethr-ae
352 1030 362 1049 ,
404 998 470 1038 suo
499 996 593 1037 loco
626 997 851 1050 prominens
868 1028 880 1048 ,
914 995 1101 1050 patulum.
1168 995 1305 1049 Figura
1329 996 1478 1052 puden-

151 1063 292 1105 dorum
325 1070 487 1103 externa
520 1060 690 1101 multum
721 1060 973 1101 conueniebat
1005 1073 1096 1101 cum
1130 1060 1194 1101 illa
1212 1092 1223 1112 ‚
1257 1074 1371 1115 quam
1405 1071 1478 1101 ex<

153 1127 262 1168 hibet
294 1127 341 1166 de
375 1123 501 1166 Graaf
522 1125 563 1163 in
580 1136 681 1164 mox
714 1132 934 1165 memorata
965 1123 1093 1177 puella
1108 1156 1119 1176 ‚
1153 1123 1222 1164 nisi
1241 1155 1252 1175 ,
1286 1125 1388 1179 quod
1406 1137 1480 1178 pu·

156 1189 270 1232 dendi
302 1188 401 1229 labia
434 1199 515 1228 non
546 1187 600 1227 ita
651 1187 907 1228 tumescebant
948 1188 992 1227 ad
1026 1185 1206 1228 inferiora
1223 1219 1235 1239 ,
1270 1188 1310 1228 in
1344 1188 1479 1242 quibus

156 1255 273 1296 etiam
314 1251 460 1293 nullum
502 1250 712 1305 vestigium
746 1251 967 1305 tangebatur
1006 1251 1174 1292 testium.
1241 1251 1381 1292 Talem
1415 1264 1479 1292 ca-

156 1318 238 1359 sum
270 1325 397 1357 narrat
435 1314 681 1357 Bartholinus
713 1315 762 1356 de
793 1315 953 1357 muliere
984 1314 1137 1368 Hafnia,
1171 1315 1477 1370 Hermaphrodi-

155 1391 201 1426 to
233 1381 373 1423 credita
391 1414 403 1435 ,
437 1380 490 1421 ob
520 1379 739 1433 elongatam
781 1388 822 1421 et
855 1377 1014 1420 craffam
1042 1380 1275 1433 clstoridem,
1309 1390 1405 1434 quae
1422 1389 1478 1420 ta·

155 1457 248 1490 men
278 1457 371 1487 vera
399 1444 581 1497 foemina,
614 1444 656 1486 in
690 1445 839 1498 itinere,
873 1444 1059 1486 militibus
1089 1445 1199 1486 vsum
1235 1445 1411 1498 corporis
1426 1445 1478 1485 sui

155 1509 394 1551 concedebat
434 1506 524 1564 (1).
561 1508 617 1549 Et
648 1508 848 1550 Isbrandus
880 1509 925 1549 de
958 1507 1267 1558 Diemerbroeck
1300 1507 1477 1548 audacter
1490 1502 1639 1573 {nonnae
1653 1514 1697 1536 ¹·-

156 1572 354 1626 affirmat‚
388 1570 465 1614 esse
496 1571 596 1614 hanc
638 1582 789 1627 partem
829 1573 1106 1615 increscentem
1125 1606 1136 1625 ,
1187 1585 1281 1627 quae
1322 1572 1473 1625 virgam
1491 1555 1651 1618 ffllaep.

154 1638 309 1679 virilem
342 1635 492 1691 effingit
519 1637 558 1677 in
592 1635 790 1689 foeminis,
824 1636 928 1677 vnde
961 1636 1280 1691 Hermaphroditi
1314 1637 1472 1676 credun-

156 1709 219 1743 tur
258 1698 368 1755 (2),
409 1701 516 1743 affert
556 1700 665 1742 fimul
699 1703 778 1743 duo
818 1700 1083 1742 memorabilia
1126 1700 1306 1754 exempla
1326 1733 1337 1751 ‚
1380 1712 1474 1754 quae
1488 1676 1683 1759 50}ngssss

158 1765 236 1820 ipfie
269 1765 369 1805 vidit
401 1775 439 1805 et
471 1767 710 1807 examinauit
726 1799 737 1818 ,
769 1766 817 1806 ad
851 1765 929 1807 hoc
963 1765 1231 1806 affirmandum
1266 1761 1350 1819 (4).
1385 1764 1473 1805 Plu·
1487 1760 1626 1831 xxva-m

160 1841 220 1871 res
260 1841 334 1883 ego
372 1827 566 1870 Aunores
604 1842 683 1871 non
723 1831 905 1871 adducam
934 1862 945 1883 ,
986 1830 1053 1871 etsi
1086 1829 1269 1883 plurimos
1308 1828 1379 1870 hac
1428 1829 1476 1869 de
1492 1808 1542 1839 ς’)
1599 1811 1640 1834 ¹⁰

158 1894 317 1934 materia
357 1892 571 1948 compilare
612 1892 795 1948 pofl‘em3
839 1903 878 1934 et
911 1907 1026 1947 nugas
1059 1895 1203 1934 omitto
1236 1892 1394 1934 refutare
1426 1893 1475 1933 de

157 1956 335 1997 foeminis
367 1957 406 1996 in
441 1958 547 1998 viros
580 1959 733 1998 mutatis
751 1991 762 2009 ,
793 1958 875 1998 fiitis
907 1957 984 2002 hoc
1016 1963 1200 2014 iuperque
1230 1957 1319 1999 fecit
1336 1956 1477 2001 ‚modo
1599 2005 1607 2013 ι

160 2019 328 2063 laudatus
358 2018 700 2065 Diemerbroekius
729 2020 822 2080 (5).
1492 2004 1546 2045 (⁵³
1568 2005 1640 2036 Μ’

734 2150 855 2201 Rra
1410 2150 1482 2195 Vti
