1820 2506
355 172 447 211 262
836 163 1226 216 DLSSERTATIO

345 287 500 344 pondus
538 284 725 342 quoniam
763 286 918 344 aequale
945 287 1002 328 est
1035 286 1215 341 preffioni
1245 287 1449 331 colunnae
1485 289 1582 332 *aeris
1611 288 1678 331 ffls

344 364 418 407 per
474 350 657 395 bunulam
703 363 757 392 ex
808 364 910 406 poro
958 351 1109 391 metalli
1157 348 1344 405 egrefl‘am
1381 352 1642 395 incumbentis
1654 385 1671 407 .‚

345 413 415 469 (ξ.
437 413 545 470 37.)
585 427 682 469 quae
720 415 829 456 illum
875 414 1052 455 sustentat
1067 446 1082 467 ,
1121 415 1374 469 quamobrem
1402 416 1521 458 elater
1552 417 1669 458 bullu-

346 478 407 519 lae
449 478 547 519 illius
584 478 751 532 aequalis
786 478 840 518 est
873 478 1039 532 ponderi
1078 478 1204 519 dictae
1236 478 1441 519 columnae
1472 478 1669 522 Mercurii.

347 541 499 583 Verum
530 543 714 596 quoniam
747 541 843 583 haec
876 541 1016 583 bullula
1047 551 1136 582 ante
1167 541 1448 596 expansionem
1466 574 1479 595 ,
1507 543 1600 584 dum
1631 545 1671 584 iu

349 617 454 660 poro
500 604 649 648 metalli
698 605 740 646 in
780 604 1048 660 corpusculum
1095 606 1230 659 agebat
1247 637 1259 659 ,
1299 606 1490 647 coaretata
1522 616 1601 647 erat
1631 607 1672 648 in

344 668 511 723 spatium
556 667 698 709 millies
745 669 943 723 angustius.
1003 667 1070 725 (§·
1093 667 1200 725 37.)
1242 667 1474 725 (Praetereo
1504 668 1570 711 hic
1601 682 1674 724 po-

345 745 480 774 torum
512 731 696 785 angustias
713 746 726 773 ε
758 745 849 774 nam
864 785 865 788 Ἰ
882 745 947 775 aer
978 742 1065 773 ante
1095 743 1269 774 renatam
1301 732 1482 774 elaterem
1515 745 1596 773 non
1614 734 1674 773 in-

346 803 501 849 tegrum
549 795 698 836 metalli
742 789 932 838 volumen
973 796 1184 850 occupabat
1199 829 1213 849 ,
1252 795 1315 836 sed
1362 797 1521 850 propria
1562 795 1674 838 huius

344 859 505 900 materia
560 871 744 912 magnam
794 868 947 931 partem
1008 859 1163 900 tenebat
1189 859 1202 916 )
1264 859 1379 900 clatet
1425 860 1539 913 igitur
1593 860 1676 901 eius

344 930 428 962 erat
466 930 551 962 turn
592 922 736 963 millies
773 924 924 976 maius,
957 921 1037 964 hoc
1069 923 1152 975 est,
1191 923 1353 977 aequalis
1384 923 1549 977 ponderi
1584 935 1674 974 124

344 990 541 1037 ,ξ’-’δί’ῑξξξῑῑῖ
591 986 728 1038 grani,
779 986 972 1039 adeoque
1000 986 1270 1027 cohaesionem
1319 986 1528 1040 particulae
1568 988 1675 1040 cupri

346 1049 413 1098 (ς.
436 1058 507 1098 37
526 1054 540 1100 )
589 1047 785 1110 superabat
832 1049 922 1103 plus
965 1063 1081 1103 quam
1128 1051 1268 1092 duabus
1314 1049 1519 1091 drachmis
1589 1051 1673 1090 Vn-

344 1113 396 1153 de
430 1113 576 1153 mirum
609 1104 695 1150 sane
726 1123 810 1152 non
841 1111 897 1151 est
929 1113 1129 1165 particulas
1160 1114 1270 1166 cupri
1302 1113 1476 1166 abruptas
1494 1123 1574 1154 tam
1605 1125 1673 1154 ce-

344 1174 463 1216 celeri
495 1181 610 1214 mom
642 1186 666 1214 a
698 1172 895 1229 superficie
922 1174 1039 1228 ipfius
1067 1175 1216 1216 metalli
1245 1186 1317 1230 per
1348 1175 1585 1216 menstruum
1614 1177 1675 1216 vi-

347 1237 463 1280 brari.

487 1301 523 1351 §.
548 1308 571 1350 3
578 1315 621 1354 9.
662 1301 737 1343 His
775 1301 960 1356 expositis
999 1301 1252 1356 inuestiganda
1290 1301 1403 1343 nobis
1448 1302 1560 1344 restat
1610 1300 1674 1343 ina

347 1365 410 1407 ‘vis
429 1398 440 1419 ,
481 1378 555 1420 qua
596 1365 722 1406 salium
772 1378 892 1420 aquae
931 1367 1200 1407 immersorum
1241 1366 1449 1420 particulae
1489 1380 1513 1407 a
1542 1375 1676 1407 mutua

348 1428 581 1470 cohaesione
612 1429 854 1483 seiunguntur
887 1439 925 1470 et
957 1442 1027 1483 per
1058 1442 1195 1486 aquam
1227 1429 1493 1470 distrahuntur.
1558 1430 1676 1486 Quod

349 1502 399 1534 'vt
431 1494 470 1532 in
504 1494 677 1546 apricum
709 1493 870 1546 prodeat
885 1527 898 1545 ,
933 1495 1063 1547 primo
1095 1493 1307 1533 notandum
1341 1493 1393 1533 est
1419 1505 1558 1533 omnes
1589 1493 1677 1533 sales

349 1555 541 1597 abundare
572 1555 708 1607 infigni
740 1557 951 1609 quantitate
983 1567 1100 1608 aquae
1117 1587 1128 1607 ,
1162 1568 1258 1608 quae
1285 1567 1354 1609 per
1377 1556 1672 1596 destillationem

349 1619 393 1661 in
425 1630 493 1659 vas
523 1619 711 1673 recipiens
750 1618 906 1673 copiosa
945 1631 997 1659 ex
1030 1618 1101 1658 illis
1133 1617 1293 1658 elicitur.
1358 1619 1414 1659 Et
1447 1620 1619 1672 quamuis
1651 1630 1674 1659 a

350 1682 575 1738 quibusdam
612 1681 746 1722 salibus
801 1682 1016 1722 volatilibus
1055 1681 1156 1722 nulla
1188 1681 1344 1735 separari
1378 1682 1515 1735 potest,
1550 1693 1603 1722 ex
1635 1694 1676 1721 a-

350 1746 504 1799 nalogia
533 1756 664 1788 tamen
695 1755 735 1786 et
750 1744 853 1786 facili
890 1758 980 1787 cum
1004 1757 1100 1798 aqua
1131 1745 1406 1785 coniunctione
1438 1745 1542 1785 idem
1566 1746 1614 1786 de
1630 1744 1675 1785 il-

350 1809 400 1860 lis
431 1808 639 1850 afferimus.
956 1836 959 1838 -

503 1874 537 1922 §.
560 1885 633 1924 40.
667 1867 771 1914 Sales
803 1874 843 1913 in
875 1885 971 1926 aqua
1004 1871 1116 1912 soluti
1156 1871 1244 1925 post
1275 1871 1401 1912 lenem
1433 1872 1676 1925 euaporatio-

353 1950 448 1979 nem
496 1939 537 1978 in
585 1937 784 1990 crystallos
827 1936 1027 1991 pellucidas
1085 1935 1330 1976 concrescunt
1355 1968 1366 1987 ,
1407 1936 1678 1989 consequenter

353 2001 395 2040 in
435 2014 530 2055 aqua
578 2001 746 2043 formam
788 2001 891 2042 suam
933 2000 1092 2040 induunt
1111 2032 1122 2051 ,
1156 2009 1267 2054 atque
1297 1999 1394 2039 adeo
1427 1997 1675 2040 neceffarium

350 2063 434 2117 est,
476 2073 522 2104 vt
554 2067 643 2118 pori
675 2065 805 2106 salium
838 2065 911 2105 fint
943 2076 1037 2117 aqua
1071 2062 1189 2115 pleni.
1255 2062 1373 2119 Quod
1404 2062 1521 2103 etiam
1539 2075 1674 2104 eorum

1592 2126 1672 2181 pel-
