1820 2506
126 182 504 233 EXPLICANDI
521 177 838 227 PRAENOM.
851 180 1321 235 PARADOXON.&c.
1345 200 1367 227 2
1378 192 1435 238 89

122 306 316 364 puriffimo
347 303 558 361 madefac‘t‘o
590 311 711 359 expan
724 318 750 346 a
767 305 824 361 stt
843 337 854 355 ‚
896 299 1142 357 obseruabitur
1189 301 1259 346 hoc
1291 303 1444 347 =linteum

126 373 203 412 iam
229 383 256 411 a
268 369 576 426 frigorerigidum
594 400 605 420 ,
638 380 717 409 cum
741 368 906 423 gradum
943 377 998 415 33
1027 367 1122 408 idem
1146 364 1447 413 thermometrum

126 440 243 475 notat.
297 433 384 475 Nisi
409 433 537 473 dicere
572 432 669 472 velis
686 434 784 474 a'e'ris
800 432 1033 487 temperiem
1055 443 1187 473 reuera
1204 433 1446 487 frigidiorem

124 495 232 540 ffiiffe
263 510 307 539 ac
342 497 668 538 thermometrum
700 498 886 551 notabat,
920 497 1229 551 mercuriumque
1268 497 1447 539 nondum

126 563 356 617 temperiem
388 562 485 601 ae'ris
504 559 692 603 affumifl‘e
710 595 721 615 ,
752 570 1034 618 eaquepropter
1068 561 1276 615 expansam
1309 575 1448 616 aquam

124 627 195 668 fiac.
215 627 341 680 legem
360 626 524 666 decrem.
562 625 698 666 caloris
732 627 784 666 ob
818 627 969 668 audam
987 625 1225 680 superficiem
1244 626 1358 667 citius
1376 627 1449 670 ob-

127 689 279 733 tinuisse
313 702 369 744 gr.
407 700 481 737 32.
518 702 563 729 ac
596 691 800 732 mercurius
832 692 872 731 in
908 690 1024 731 bulbo
1044 690 1328 732 thermometri.

274 754 309 803 ς.
351 766 419 793 12.
457 750 614 794 Caufilm
650 754 914 808 phaenomeni
948 755 1054 809 quod
1093 756 1231 796 attinet
1250 788 1262 809 ,
1296 768 1318 796 a
1358 754 1447 797 dila

127 819 271 860 tatione
303 819 397 859 vitri
431 818 483 859 ob
519 817 689 859 calorem
724 820 820 860 aeris
852 820 1045 860 maiorem
1080 819 1208 860 calore
1242 833 1360 874 aquae
1403 819 1447 862 fi-

121 884 179 923 ·eri
210 882 349 923 debere
382 882 597 923 descensum
629 884 831 937 mercurii,
865 884 973 924 nulio
1007 883 1133 924 modo
1172 884 1302 937 potest
1343 883 1450 925 affir-

122 947 252 999 mari,
286 960 378 988 cum
412 946 625 987 differentia
660 947 759 988 inter
793 947 1026 1001 temperiem
1059 947 1157 986 a'e'ris
1191 956 1231 986 et
1264 959 1382 1001 aquae
1402 948 1451 990 fit

120 1012 262 1065 exigua
296 1021 335 1052 et
368 1011 560 1052 interdum
579 1011 683 1051 nulla
701 1044 713 1064 ,
746 1012 937 1053 interdum
964 1012 1097 1053 minor
1114 1010 1262 1064 nihilo,
1298 1022 1338 1052 et
1355 1012 1451 1054 hinc

121 1075 295 1116 dilatatio
320 1077 412 1117 vitri
427 1076 472 1118 sit
505 1075 721 1117 insensibilis
737 1077 802 1117 vel
835 1075 988 1130 prorsus
1031 1075 1135 1117 nulla
1148 1075 1212 1117 vel
1240 1077 1356 1118 etiam
1409 1079 1451 1119 in

121 1140 434 1180 contraitionem
474 1139 593 1179 abeat.
668 1139 782 1180 Idem
826 1140 1004 1180 iudicauit
1054 1137 1144 1180 Cel.
1196 1139 1359 1183 Gmelin
1409 1143 1451 1184 in

122 1202 361 1244 Praefiitione
394 1203 532 1245 Florae
564 1202 647 1244 suae
680 1200 864 1244 Sibiricae
898 1202 1115 1257 praemissa.

274 1267 558 1309 Humiditatem
589 1281 688 1309 vero
746 1267 849 1309 bulbi
885 1267 1199 1310 thermometrici
1232 1282 1324 1311 cum
1370 1268 1451 1312 hoc

122 1332 400 1388 phaenomeno
451 1329 663 1374 necessario
715 1345 936 1374 connexam
989 1331 1068 1374 effe
1119 1343 1226 1388 patet
1275 1347 1329 1376 ex
1388 1347 1451 1376 re-

117 1397 271 1439 censitis
303 1398 594 1452 experimentis.
661 1397 960 1452 Exponendum
994 1411 1088 1453 ergo
1106 1399 1215 1440 restat
1235 1435 1244 1451 ,
1281 1411 1451 1454 quomo-

122 1461 177 1502 do
209 1461 414 1503 humiditas
446 1461 557 1502 huius
593 1462 857 1517 phaenomeni
890 1462 996 1503 causa
1030 1461 1108 1504 effe
1149 1472 1277 1518 queat.

268 1527 309 1580 §a
346 1538 415 1574 1-3.
453 1524 494 1568 Si
526 1526 687 1581 respicio
720 1528 767 1568 ad
800 1528 986 1582 quaedam
1018 1529 1288 1582 experimenta
1307 1563 1318 1582 ,
1358 1542 1451 1572 cum

123 1589 316 1632 mixtione
347 1592 592 1633 materiarum
628 1592 863 1646 quarundam
897 1604 988 1633 cum
1023 1605 1119 1647 aqua
1149 1591 1265 1647 frigus
1306 1595 1451 1649 produ-

122 1655 250 1707 citur,
284 1669 430 1697 reuoco
463 1657 503 1696 in
535 1657 768 1697 memoriam
804 1657 979 1711 inprimis
997 1670 1069 1709 ea,
1103 1671 1198 1711 quae
1218 1655 1301 1698 Cel.
1357 1658 1452 1700 Mu-

121 1718 380 1761 schenbroeck
414 1722 454 1761 in
495 1720 536 1762 P.
588 1735 611 1761 2
656 1722 910 1763 tentaminum
959 1721 1083 1763 Acad.
1128 1722 1236 1764 Flor.
1274 1736 1313 1777 p.
1358 1734 1443 1773 135

123 1782 164 1822 in
204 1784 469 1825 additamentis
509 1784 578 1826 suis
619 1788 796 1827 notauit:
840 1785 918 1826 scil.
964 1786 1045 1827 salis
1094 1788 1229 1828 vrinae
1281 1788 1452 1828 volatilis

127 1845 327 1888 drachmas
359 1850 449 1890 duas
481 1848 607 1890 affusas
640 1852 687 1891 ad
720 1863 838 1904 aquae
871 1852 1029 1893 vnciam
1065 1849 1290 1905 produxisse
1322 1852 1449 1905 frigus,

125 1908 375 1953 descendente
407 1913 557 1968 liquore
591 1915 631 1954 in
664 1913 955 1968 thermoscopio
990 1930 1009 1956 a
1029 1917 1142 1970 gradu
1163 1917 1449 1970 quadragesimo

126 1983 262 2027 quarto
295 1977 340 2016 ad
374 1989 429 2030 gr.
466 1991 542 2029 42.
596 1988 634 2018 et
666 1978 741 2019 ibid
776 1992 815 2032 p.
858 1983 955 2030 136.
1009 1980 1280 2033 sesquiunciam
1331 1994 1449 2036 aquae

124 2037 279 2079 affuffim
311 2039 477 2094 fuliginis
516 2056 538 2083 e
570 2043 724 2083 camino
758 2043 894 2084 vnciae
929 2043 1065 2085 semiffi
1104 2041 1298 2099 generasse
1335 2045 1450 2101 frigus

124 2101 374 2144 descendente
405 2105 697 2163 thermoscopio
729 2119 783 2147 ex
816 2120 891 2162 gr..
910 2117 1015 2160 44t0
1049 2109 1095 2152 ad
1129 2122 1174 2165 gr
1203 2122 1294 2162 42}-

187 2166 307 2208 Tom.
328 2167 362 2209 Ι,
708 2171 747 2213 O
766 2183 793 2212 o
1326 2176 1361 2225 ξ.
1388 2187 1445 2228 14
