1820 2506
264 1661 321 1700 Fig.
351 1671 379 1692 1.

401 208 486 236 120
677 193 862 240 ΕΧΑΜ
865 197 943 241 ΕΝ
979 193 1242 241 ARTIFICH
1272 192 1450 241 NAVIS

397 314 645 369 pressionibus
668 329 784 370 quam
819 316 1113 372 percuffionibns
1129 314 1343 367 composita
1360 347 1372 368 ,
1406 323 1581 357 centrum
1598 325 1711 356 com-

397 391 517 419 mune
549 381 740 433 grauitatis
754 381 957 421 secundum
982 380 1231 419 horizontem
1263 378 1408 419 nullum
1441 390 1593 425 motum
1615 391 1710 420 con-

395 441 498 496 sequi
549 445 694 496 poterit
712 477 722 496 ‚
774 456 898 498 neque
949 443 1092 482 idcirco
1143 441 1221 482 vlla
1271 440 1484 484 huiusmodi
1532 443 1709 486 machina

397 515 485 560 apta
511 507 583 546 erit
608 507 655 546 ad
680 519 819 546 nauem
860 505 1180 560 promouendam.

548 570 582 618 §.
608 580 680 618 25.
717 570 865 625 Quodsi
898 582 996 610 vero
1029 569 1232 610 resistentia
1264 581 1382 623 aquae
1414 569 1524 611 simul
1540 570 1711 612 confide-

397 641 502 673 retur
520 666 530 685 ,
571 642 657 674 tum
693 634 760 673 lex
784 644 873 673 ante
905 642 1121 675 memorata
1162 634 1209 672 de
1251 643 1385 673 centro
1419 633 1610 688 grauitatis
1642 634 1710 675 ali-

397 706 585 749 quantum
624 696 868 751 infringitur,
902 698 995 738 dum
1028 698 1131 737 nauis
1164 709 1184 737 a
1202 696 1381 737 machina
1412 697 1609 738 sollicitata
1626 706 1708 737 tan-

397 767 482 799 tum
519 773 598 800 non
632 761 762 814 cedit,
797 771 982 815 quantum
1025 773 1094 814 per
1126 760 1231 801 illam
1265 760 1392 814 legem
1426 761 1561 801 cedere
1594 761 1710 801 debe-

397 832 457 862 ret
476 855 486 875 ,
521 824 704 878 similique
738 825 861 865 modo
894 826 934 865 in
967 824 1220 864 collisionibus
1253 824 1305 863 ob
1323 825 1567 866 resistentiam
1593 837 1709 878 aquae

398 894 611 927 commuue
648 897 823 929 centrum
858 889 1048 941 grauitatis
1081 900 1161 927 non
1196 886 1365 940 perfecte
1399 887 1575 942 quiescet.
1619 887 1701 929 Dif

395 948 576 990 ficillimo
619 951 737 990 etiam
779 952 924 991 calculo
964 964 1061 1005 opus
1102 948 1225 1002 effet,
1268 951 1294 991 fi
1329 952 1408 1006 quis
1440 951 1605 1005 singulos
1637 952 1710 993 hos

397 1013 554 1053 effestus
586 1013 791 1055 secundum
832 1025 1038 1069 praecepta
1084 1013 1308 1055 mechanica
1348 1015 1530 1056 euoluere
1572 1015 1705 1056 vellet.

397 1074 501 1117 Cum
534 1087 663 1118 autem
704 1088 807 1120 totus
838 1079 1062 1120 resistenti-ae
1095 1077 1252 1118 effeetus
1285 1080 1324 1119 in
1351 1088 1463 1119 motu
1496 1080 1710 1120 minuendo

397 1140 642 1181 consumatur
660 1173 670 1193 ,
713 1154 836 1196 neque
877 1143 923 1182 ab
963 1154 1008 1182 ea
1049 1141 1145 1181 vllus
1185 1151 1313 1181 motus
1362 1142 1522 1195 produci
1563 1143 1707 1196 poffit:

397 1204 602 1244 resistentia
635 1218 749 1258 aquae
784 1215 887 1245 certe
921 1206 960 1245 in
993 1203 1096 1245 causa
1137 1202 1215 1244 effe
1248 1217 1327 1244 non
1362 1206 1509 1258 poterit
1526 1237 1538 1257 ,
1571 1215 1617 1245 vt
1643 1218 1709 1246 na-

398 1268 441 1306 vi
471 1277 600 1308 motus
634 1268 878 1321 imprimatur
896 1302 906 1321 ‚
941 1282 1031 1308 cum
1065 1269 1200 1308 eadem
1234 1269 1337 1308 nauis
1370 1269 1573 1309 resistentia
1592 1269 1711 1310 subla-

399 1336 437 1370 ta
478 1330 665 1385 quiescere
707 1333 874 1373 deberet.
941 1332 1056 1372 Vnde
1097 1331 1247 1373 summo
1290 1333 1369 1372 iure
1403 1331 1666 1373 concludimus
1696 1366 1709 1386 ,
1750 1346 1751 1349 ¹

396 1396 740 1447 quemadmodum.
776 1398 879 1438 nauis
928 1405 1080 1436 remota
1113 1408 1228 1448 aquae
1270 1396 1471 1436 resistentia
1511 1410 1532 1436 a
1565 1397 1710 1437 viribus

396 1458 552 1499 internis
585 1459 728 1500 nullum
776 1470 930 1501 motum
973 1458 1243 1513 progreffiuum
1284 1459 1436 1513 adipisci
1476 1460 1601 1514 potest
1619 1493 1630 1512 ,
1673 1461 1710 1501 ei

397 1521 522 1562 multo
562 1523 704 1575 minus,
746 1523 771 1563 si
804 1524 1006 1564 resistentia
1040 1535 1156 1576 aquae
1197 1523 1351 1562 accedat
1369 1556 1380 1577 ‚
1414 1524 1459 1564 ab
1492 1523 1709 1567 huiusmodi

397 1585 540 1626 viribus
572 1585 695 1625 Vllum
729 1596 881 1627 motum
914 1586 1086 1640 imprimi
1119 1584 1241 1639 poffe.

550 1650 584 1697 §.
609 1653 677 1688 26.
715 1650 958 1706 Quamquam
999 1648 1078 1690 hoc
1110 1651 1352 1691 ratiocinium
1389 1651 1497 1692 omni
1531 1652 1708 1706 excepti-

400 1725 476 1753 one
500 1714 618 1753 maius
652 1714 804 1755 videtur
823 1747 833 1767 ,
877 1723 1004 1754 tamen
1028 1713 1164 1754 dantur
1196 1714 1294 1754 casus
1311 1747 1321 1767 ,
1354 1716 1487 1768 quibus
1518 1716 1570 1756 ob
1588 1716 1706 1769 ipsum

397 1777 640 1817 resistentiam
694 1788 824 1819 motus
873 1777 1095 1832 producitur
1113 1809 1125 1829 ‚
1178 1791 1267 1818 cum
1309 1779 1431 1819 nullus
1470 1792 1513 1819 ea
1554 1790 1705 1821 remota

397 1842 571 1881 oriretur.
638 1839 679 1881 Si
720 1843 826 1882 enim
868 1842 971 1882 nauis
1010 1838 1162 1882 DEFG
1205 1841 1280 1882 basi
1312 1841 1372 1882 sua
1412 1842 1480 1883 EF
1515 1845 1553 1883 in
1588 1843 1706 1896 plano

395 1904 526 1958 aspero
560 1905 827 1957 incumberet,
861 1905 969 1958 super
1001 1918 1079 1959 quo
1111 1905 1188 1945 fine
1221 1905 1377 1945 sensibili
1411 1906 1588 1947 frictione
1614 1920 1706 1960 pro-

395 1969 547 2008 moueri
587 1979 748 2023 nequeat
767 2002 777 2020 ,
821 1969 1059 2023 perspicuum
1103 1969 1155 2008 est
1198 1969 1415 2010 frictionem
1450 1980 1595 2011 tantum
1629 1968 1705 2011 effe

396 2029 505 2084 poffe
525 2064 535 2083 ‚
577 2042 623 2072 vt
663 2047 685 2073 a
726 2033 867 2073 viribus
910 2032 1118 2087 pendulum
1162 2033 1399 2073 tendentibus
1440 2036 1602 2087 inperari
1636 2047 1704 2074 ne-

395 2105 508 2147 queat
527 2127 538 2148 ‚
574 2094 697 2149 sicque
732 2097 777 2137 ab
809 2098 853 2139 iis
887 2097 973 2136 naui
1012 2095 1132 2135 nullus
1165 2106 1293 2135 motus
1334 2098 1534 2138 retrorsum
1569 2099 1702 2151 impri-

394 2167 534 2203 matur.
603 2159 747 2201 Nihilo
782 2170 909 2200 tamen
943 2160 1068 2200 minus
1099 2159 1145 2200 ab
1179 2159 1255 2200 ἰᾶυ
1291 2160 1446 2215 penduli
1487 2171 1621 2202 contra
1647 2171 1704 2201 ta-

1625 2225 1704 2265 bel-
