1820 2506
396 188 484 236 378
825 182 1285 243 DESCRIfTIONES

184 380 254 412 τώ,
278 384 358 417 xm
449 365 556 420 fhliis
585 364 764 420 cordatis,
794 363 905 421 obtuse
938 369 1116 419 crenatis,
1135 363 1254 423 spicis
1287 365 1437 409 Florum
1454 370 1670 415 nutantibus.

548 428 615 469 De
647 430 764 470 natali
796 428 1087 484 elegantiffimae
1127 431 1236 471 huius
1277 431 1428 484 plantae
1470 431 1559 473 loco
1599 448 1706 478 certo

400 491 500 533 mihi
534 505 612 533 non
647 493 823 534 constat:
860 495 985 534 audiui
1017 504 1147 534 tamen
1169 527 1179 546 ,
1211 495 1240 535 fi
1273 506 1406 534 verum
1440 494 1512 546 est,
1546 509 1567 535 e
1599 499 1708 540 semi-

395 556 505 596 nibus
538 569 560 596 a
593 554 654 596 Cl.
687 555 863 598 Gerbero
883 590 894 609 ,
929 557 1066 598 Florae
1097 556 1302 597 Tanaenfis
1351 557 1524 597 Auctore
1541 591 1552 610 ,
1593 562 1705 602 colle-

394 620 494 670 ctis,
530 619 570 659 in
603 619 721 660 horto
754 620 885 660 nostro
920 620 1110 661 Botanico
1129 629 1379 674 propagatam
1413 619 1490 660 effe
1510 654 1520 673 ,
1562 621 1650 664 hinc
1668 634 1706 665 et

388 681 429 723 in
463 683 712 724 adiacentibus
743 684 866 724 Tanai
889 684 1102 737 regionibus
1139 685 1299 724 crescere
1315 696 1401 725 eam
1427 684 1620 736 probabile
1637 687 1704 727 est.

536 746 754 786 Altitudine
786 747 841 787 est
880 747 1105 800 plerumque
1135 748 1308 801 bipedali.
1375 745 1501 787 Cauiis
1542 757 1703 802 tetrago-

391 822 459 851 nus
492 810 603 851 molli
638 819 676 850 et
706 810 810 850 breui
845 810 1021 863 lanugine
1054 811 1229 862 incanus,
1277 811 1376 850 intus
1415 810 1585 851 medulla
1622 813 1705 854 alba

391 873 528 914 fatuus
547 906 556 923 ‚
591 874 638 913 ab
669 873 755 912 imo
786 873 833 913 ad
867 875 1056 914 summum
1088 873 1265 914 ramosus.

530 935 639 976 Folia
673 935 848 975 radicalia
881 937 1286 976 cordato-acuminata
1305 968 1317 988 7
1349 936 1512 988 quinque
1538 936 1611 977 fere
1630 949 1705 978 vn-

391 999 465 1040 cias
497 999 613 1051 longa
647 1008 688 1038 et
721 1008 883 1051 quatuor
914 1000 1011 1039 circa
1045 1000 1144 1039 basin
1178 1001 1250 1038 lata
1270 1030 1280 1050 ,
1316 998 1422 1051 supra
1455 1000 1594 1040 intense
1612 1001 1705 1041 viri-

391 1063 452 1102 dia
471 1095 482 1113 ‚
516 1062 749 1115 splendentia
769 1094 779 1111 ‚
813 1062 938 1113 glabra
958 1094 969 1112 ‚
1002 1063 1123 1102 saltim
1158 1061 1264 1101 nullis
1298 1061 1383 1114 pilis
1401 1093 1412 1113 ‚
1447 1062 1550 1102 nudo
1585 1063 1704 1104 oculo

393 1125 603 1177 conspicuis
622 1155 633 1174 ,
668 1123 832 1162 obduc'ta
851 1155 861 1174 ,
894 1124 1024 1175 rugofit
1043 1155 1054 1174 ‚
1088 1123 1184 1163 infra
1202 1123 1355 1162 neruosa
1377 1155 1388 1174 ,
1420 1136 1538 1177 aeque
1555 1137 1597 1164 ac
1617 1138 1702 1166 cau-

392 1186 463 1238 lis,
505 1186 619 1226 molli
662 1184 813 1225 hirsuti-a
852 1186 1016 1238 vestita,
1056 1185 1228 1237 margine
1267 1185 1446 1224 nonnihil
1494 1187 1669 1228 vndulata
1691 1220 1704 1239 ‚

389 1249 621 1290 obtufiffime
642 1258 792 1290 crenata
812 1281 823 1300 ,
857 1249 1040 1302 petiolata
1074 1258 1111 1288 et
1144 1248 1190 1287 ad
1206 1247 1447 1288 insertionem
1464 1249 1701 1302 petiolorum

389 1315 566 1368 vtrinque
598 1313 698 1367 quasi
731 1312 847 1352 erosa.
916 1313 1052 1353 Petioli
1083 1311 1266 1352 foliorum
1297 1311 1535 1363 longitudine
1554 1345 1566 1365 ,
1607 1311 1704 1355 infra

391 1377 588 1429 connexi,
632 1376 778 1425 albidi,
814 1375 918 1429 supra
953 1376 1055 1416 sulco
1088 1375 1261 1416 excauati
1284 1405 1295 1426 ‚
1336 1375 1525 1414 rubentes.
1593 1376 1701 1416 Folia

389 1441 538 1481 caulina
604 1439 781 1494 opposita
817 1471 828 1491 ‚
896 1453 1060 1494 quorum
1109 1438 1286 1479 inferiora
1354 1439 1534 1491 petiolata
1573 1471 1584 1490 ,
1641 1452 1700 1479 re-

389 1504 492 1555 liqua
525 1503 663 1542 seffilia.
731 1502 839 1543 Folia
870 1504 1052 1554 petiolata
1094 1502 1316 1542 radicalibus
1362 1501 1525 1552 fimilia,
1567 1501 1701 1543 latiora

387 1575 516 1606 tamen
552 1575 590 1604 et
624 1564 832 1614 obtusiora,
866 1564 972 1617 saepe
1008 1566 1047 1603 in
1065 1574 1244 1603 extremo
1278 1562 1464 1616 profimde
1495 1564 1667 1603 laciniam
1686 1597 1699 1617 ,

387 1628 623 1668 breuioribus
657 1626 809 1680 petiolis
843 1626 1064 1667 haerentia:
1099 1626 1225 1667 stzffilia
1265 1627 1441 1666 inferiora
1478 1628 1549 1666 vix
1589 1628 1698 1667 vuci-

386 1693 456 1732 alia
477 1725 488 1744 ,
523 1700 651 1732 cetera
688 1703 767 1744 quo
800 1689 988 1743 superiora
1007 1724 1018 1743 ,
1051 1703 1099 1730 eo
1117 1691 1292 1731 breuiora
1309 1690 1390 1729 sunt
1409 1722 1420 1741 ,
1456 1690 1506 1729 ita
1525 1699 1569 1729 vt
1595 1691 1697 1731 sum-

385 1769 450 1797 ma
482 1756 553 1796 vix
585 1771 616 1807 4
650 1754 715 1794 lin.
750 1753 949 1808 superent·⁷
985 1754 1117 1795 omnia
1134 1763 1263 1794 tamen
1281 1753 1477 1793 coi-datam
1510 1755 1697 1806 quodam-

385 1821 510 1861 modo
544 1818 705 1872 figuram
741 1817 931 1859 affectant.

532 1884 647 1926 Rami
681 1883 803 1933 nudi,
844 1894 866 1921 e
898 1881 1045 1934 singulis
1076 1879 1253 1920 foliorum
1293 1877 1357 1918 alis
1395 1878 1558 1933 singuli3
1601 1877 1697 1922 infe-

383 1950 529 2000 riores,
565 1961 618 1988 ex
651 1947 717 1987 alis
748 1945 887 1986 scilicet
921 1944 1193 1999 petiolatorum
1233 1941 1412 1982 foliorum
1447 1944 1691 1995 prode11nte5‚

380 2013 576 2053 altitudine
609 2025 629 2052 a
661 2012 814 2052 summo
847 2010 951 2050 caule
983 2021 1063 2048 non
1096 2007 1258 2049 multum
1291 2005 1473 2045 deficiunt
1514 2015 1552 2046 et
1576 2007 1689 2048 erecti

381 2075 480 2118 cauli
520 2088 593 2130 que
626 2076 891 2129 approximati
930 2073 1041 2114 sunt:
1081 2070 1213 2124 reliqui
1255 2069 1300 2110 ad
1340 2069 1533 2110 summum
1573 2082 1691 2124 vsque

1603 2146 1687 2187 gra-
