1820 2506
382 187 472 232 292
609 174 691 218 DE
728 168 912 220 MOTV
945 171 1247 218 Nomium
1277 170 1509 230 LVNAE}

380 295 609 339 minandum
653 306 705 334 ex
738 307 789 335 eo
815 293 903 334 elici
936 291 1063 347 poffit.
1129 289 1232 333 Cum
1275 294 1378 334 enim
1410 295 1499 336 luna
1530 307 1611 337 non
1640 295 1700 338 so-

380 360 460 402 lum
495 360 542 399 ad
575 368 715 398 terram
751 358 959 398 attrahatur
976 389 987 409 ,
1029 357 1090 397 sed
1122 357 1238 398 etiam
1281 358 1327 398 ad
1361 357 1480 399 solem
1501 392 1511 411 ,
1543 360 1699 401 harum-

380 436 455 477 que
490 424 634 463 virfum
669 432 802 462 neutra
834 432 912 461 tam
945 421 989 461 sit
1023 434 1138 474 parua
1159 455 1168 472 ,
1200 429 1244 461 vt
1262 420 1436 475 respectu
1467 423 1513 462 ad
1540 424 1697 465 alteram

381 487 517 528 habito
558 498 630 539 pro
673 486 774 526 nulla
816 484 945 526 haberi
989 495 1102 538 queat
1120 518 1131 537 ,
1166 484 1366 538 problema
1409 484 1500 525 hinc
1534 489 1698 528 occurrit

381 550 500 603 longe
532 549 808 591 difficillimum
827 582 838 601 ,
872 561 950 602 quo
984 558 1112 589 motus
1151 549 1268 588 trium
1303 561 1514 602 corporum
1545 551 1582 589 se
1614 563 1701 592 mu-

381 623 452 655 tuo
484 614 759 654 attrahentium
794 613 1042 666 inuestigandi
1077 621 1374 667 proponuntur:
1412 612 1548 667 hicque
1581 615 1700 655 trium

381 679 523 719 virium
566 678 662 718 ratio
696 677 828 717 haberi
860 677 1013 728 debet,
1037 677 1151 716 vnius
1169 708 1180 728 ,
1214 689 1287 729 qua
1320 676 1397 730 ipsa
1433 686 1530 717 terra
1561 677 1608 717 ad
1640 677 1699 718 so·

378 742 461 782 lem
494 750 650 795 vrgetur
665 773 678 792 ,
711 741 893 781 secundae
910 773 921 792 ,
956 753 1028 794 qua
1070 740 1156 780 luna
1188 740 1234 779 ad
1268 750 1407 781 terram
1427 773 1438 792 ,
1471 749 1510 780 et
1545 741 1698 794 tertiae,

381 818 455 859 qua
493 805 580 846 luna
627 805 673 845 ad
717 804 839 844 solem
892 803 1126 843 sollicitatur.
1191 803 1282 844 Hoc
1322 804 1436 856 igitur
1469 803 1667 857 problema
1686 837 1700 857 ,

378 868 406 911 ss
440 869 651 910 commode
690 867 784 908 solui
827 867 983 921 poffet,
1026 866 1295 907 determinatio
1339 876 1468 907 motus
1507 867 1617 908 lunae
1658 869 1699 909 in

379 941 542 986 promtu
584 929 679 971 esset
697 961 710 980 ‚
753 943 891 970 verum
932 929 1010 970 hoc
1049 930 1131 970 casu
1170 929 1317 970 defectu
1360 928 1554 982 analyseos
1572 963 1584 984 ,
1618 943 1702 972 cer·

378 1003 515 1048 raeque
555 993 736 1035 methodi
778 993 999 1034 huiusmodi
1039 994 1234 1033 intricatos
1268 992 1433 1033 calculos
1465 995 1668 1034 euoluendi
1682 1017 1700 1048 ς

381 1056 428 1099 fit
470 1067 515 1097 vt
558 1057 708 1097 theoria
749 1057 820 1096 vix
862 1057 946 1108 plus
987 1057 1087 1095 circa
1128 1065 1283 1095 motum
1325 1056 1435 1096 lunae
1469 1059 1671 1110 pateficiat
1688 1090 1700 1110 ,

379 1132 495 1173 quam
538 1131 590 1158 ex
632 1118 955 1157 obseruationibus
997 1117 1182 1169 colligere
1221 1117 1341 1156 licuit.
1409 1119 1601 1175 Quicquid
1633 1133 1701 1161 au·

379 1191 461 1222 tem
496 1180 619 1222 adhuc
649 1181 861 1221 astronomi
904 1192 958 1220 ex
990 1179 1051 1220 his
1084 1179 1255 1220 theoriae
1287 1179 1456 1221 tenebris
1487 1182 1670 1223 deducere
1686 1216 1699 1237 ,

378 1254 418 1286 et
451 1245 553 1299 quasi
587 1257 656 1298 per
689 1244 925 1285 transennam
958 1243 1179 1297 dignoscere
1228 1253 1438 1298 potuerunt
1455 1277 1468 1297 ,
1517 1254 1597 1287 tam
1637 1259 1702 1287 ac·

380 1318 511 1349 curate
536 1322 624 1348 cum
658 1308 900 1362 experientia
933 1307 1123 1361 conspirat
1141 1340 1152 1359 ,
1186 1316 1230 1347 vt
1262 1307 1410 1348 nullum
1428 1310 1578 1362 prorsus
1594 1310 1704 1351 dubi-

377 1385 449 1413 um
492 1372 646 1425 supersit
665 1405 676 1425 ,
717 1373 808 1426 quin
849 1372 1040 1412 vniuersus
1082 1373 1191 1412 lunae
1224 1381 1353 1412 motus
1372 1405 1383 1423 ,
1422 1373 1568 1413 cunc‘tis
1601 1386 1700 1415 con-

377 1436 602 1476 clufionibus
620 1469 631 1489 ‚
673 1448 769 1489 quae
819 1447 989 1489 vnquam
1039 1447 1091 1475 ex
1132 1434 1277 1475 calculo
1323 1435 1479 1476 formari
1528 1445 1669 1491 queant
1685 1467 1698 1490 ,

378 1499 617 1540 exactissime
658 1499 702 1540 fit
744 1498 995 1552 responsurus.
1063 1498 1268 1541 Neutonus
1285 1531 1297 1550 ,
1336 1500 1402 1553 qui
1443 1499 1521 1553 ipse
1554 1501 1700 1554 primus

378 1561 459 1604 hoc
501 1562 702 1616 negotium
751 1561 803 1601 est
845 1559 1032 1614 adgressus
1050 1593 1062 1611 ‚
1104 1561 1324 1601 incredibile
1357 1562 1520 1603 studium
1552 1565 1591 1602 in
1622 1562 1698 1604 hac

378 1626 599 1679 quaestione
631 1625 830 1664 enodanda
863 1622 1070 1665 collocaffe
1105 1625 1280 1675 videtur,
1315 1625 1469 1679 hocque
1502 1626 1584 1678 ipso
1618 1638 1698 1666 non

379 1702 517 1744 parum
536 1689 748 1729 adiumenti
767 1689 805 1727 in
826 1688 1114 1728 Astronomiam
1142 1685 1304 1728 attulisse
1321 1689 1461 1728 merito
1479 1689 1665 1731 indicatur
1685 1703 1695 1730 :

377 1753 522 1794 tabulae
532 1752 639 1792 enim
659 1752 946 1803 astronomicae,
964 1765 1060 1805 quae
1078 1751 1124 1791 ad
1132 1752 1210 1791 eius
1228 1760 1402 1791 mentem
1420 1753 1501 1791 sunt
1519 1753 1698 1793 conditae

375 1817 506 1861 multo
524 1817 684 1870 propius
701 1828 840 1856 verum
863 1815 975 1855 lunae
993 1815 1124 1867 locum
1148 1815 1286 1868 quouis
1303 1823 1480 1867 tempore
1499 1814 1698 1868 exhibent,

376 1894 489 1936 quam
500 1880 681 1934 reliquae.
701 1879 863 1921 Interim
881 1887 1012 1919 tamen
1031 1888 1180 1919 tantum
1198 1877 1310 1929 abest,
1328 1886 1374 1917 vt
1382 1876 1584 1918 Neutonus
1601 1890 1699 1933 opus

375 1946 481 1998 quod
512 1943 688 1998 suscepit,
722 1942 929 1984 confecerit
948 1975 959 1994 ‚
993 1951 1037 1983 vt
1070 1942 1198 1996 potius
1229 1941 1390 1982 summas
1424 1940 1696 1996 difficultates,

374 2009 507 2063 quibus
547 2008 615 2048 iste
647 2007 813 2049 calculus
854 2008 1073 2047 etiamnunc
1113 2006 1256 2046 laborat
1273 2036 1284 2056 ,
1326 2004 1533 2045 luculenter
1566 2005 1618 2046 ob
1650 2018 1696 2045 o-

365 2071 484 2115 culos
514 2080 633 2127 ponat
652 2103 664 2124 ,
696 2081 807 2126 atque
840 2084 930 2113 cum
963 2080 1089 2132 cetera
1118 2069 1161 2112 fit
1192 2066 1443 2109 obscuriffima
1476 2077 1590 2124 atque
1614 2081 1697 2109 ma-

1581 2144 1693 2175 le8
