1820 2506
328 168 418 219 246
786 160 1171 210 DISSERTATIO

475 286 510 335 §.
532 295 570 333 3.
608 282 688 339 Qui
721 283 953 325 solutionum
976 283 1098 324 causas
1116 283 1236 338 vulgo
1258 297 1480 342 exponunt
1496 323 1507 344 ‚
1542 303 1653 333 men·

326 349 424 391 strua
453 350 584 391 omnia
617 346 885 390 soluendorum
929 360 1138 402 corporum
1165 361 1285 402 poros
1317 352 1461 404 ingredi
1510 353 1523 410 (
1551 355 1654 409 quod

327 424 460 455 tamen
496 426 575 455 non
609 412 733 454 vbiuis
773 413 903 453 locum
940 412 1077 452 habere
1105 412 1256 453 interius
1298 415 1443 467 patebit
1468 415 1482 472 )
1516 427 1555 458 et
1572 428 1655 459 tan-

325 478 417 520 dem
468 489 605 519 eorum
656 477 857 532 particulas
907 477 1137 530 abrumpere
1181 477 1386 518 affirmant.
1454 478 1530 522 Sed
1567 483 1652 536 qui-

326 542 394 583 bus
437 541 579 583 viribus
628 542 696 582 iste
748 541 982 596 abruptionis
1015 540 1175 581 effeetus
1207 542 1440 596 producatur
1458 576 1469 597 ,
1504 554 1653 598 praeter

326 618 471 648 cuneos
491 638 502 658 ,
538 605 744 646 vncinulos
779 615 817 646 et
854 606 925 646 alia
960 605 1086 646 nescio
1105 618 1201 659 quae
1238 606 1488 648 instrumenta
1505 640 1517 660 ,
1553 621 1648 662 quae

326 670 526 714 menstruis
541 671 715 726 precario
733 670 948 711 tribuuntur
966 703 977 723 ,
1014 668 1114 710 haud
1148 669 1225 711 vlla
1256 671 1355 711 ratio
1373 671 1439 712 vel
1456 679 1649 726 vtcunque

326 734 531 791 plausibilis
581 733 746 776 affertur.

478 801 512 851 §.
534 814 577 852 4.
614 800 750 842 Vnum
783 801 964 858 idemque
996 802 1208 845 menstrum
1241 800 1324 843 non
1357 802 1397 843 in
1414 801 1553 857 singula
1570 813 1658 844 cor-

328 878 427 922 pora
468 878 579 920 agere
620 866 723 920 potis
764 867 817 907 est
835 900 846 920 ,
887 867 950 908 sed
984 868 1029 909 ad
1065 868 1265 922 quodlibet
1296 866 1518 909 soluendum
1550 866 1664 907 adhi-

329 932 438 972 betur
472 929 712 971 menstrunm
746 932 1012 984 conuenien53
1047 933 1151 984 quod
1186 931 1416 985 explicaturi
1449 931 1489 970 in
1515 931 1658 971 diuersa

331 994 593 1048 magnitudine
611 1003 657 1051 *et
673 993 791 1048 figura
806 1007 996 1049 pororum
1013 995 1180 1035 soluendi
1199 996 1374 1049 corporis
1402 1004 1441 1035 et
1455 994 1657 1049 particula-

329 1072 418 1101 rum
443 1058 625 1101 menstrui
648 1071 767 1112 opem
791 1071 969 1112 quaerere
993 1057 1141 1112 solent,
1175 1059 1309 1113 quibus
1341 1059 1446 1100 viam
1464 1058 1659 1100 menstruo

329 1136 452 1178 poros
494 1122 721 1175 ingredienti
768 1121 941 1161 facilit-ari
974 1122 1041 1161 vel
1072 1122 1267 1174 praecludi
1301 1122 1552 1163 arbitrantur:
1594 1133 1656 1175 eg.

328 1186 434 1242 quod
467 1184 616 1240 spiritus
655 1183 746 1224 nitri
787 1193 984 1238 argentum
1004 1217 1015 1237 ,
1049 1196 1212 1239 cuprum
1230 1217 1241 1237 ,
1275 1183 1417 1226 ferrum
1460 1193 1499 1224 et
1516 1184 1658 1239 reliqua

331 1249 484 1293 metalla
519 1247 750 1304 ignobiliora
783 1248 901 1289 soluat
919 1282 929 1301 ,
965 1261 1099 1289 aurum
1131 1260 1229 1289 vero
1261 1261 1343 1289 non
1376 1249 1538 1303 attingat
1555 1282 1566 1301 ‚
1600 1260 1658 1290 ra-

329 1316 389 1356 tio
422 1315 528 1356 reddi
562 1313 654 1354 solet
672 1346 682 1366 ,
717 1325 836 1368 poros
869 1314 948 1354 auri
981 1321 1098 1368 prout
1131 1314 1309 1355 omnium
1338 1325 1550 1367 corporum
1567 1313 1661 1354 den-

330 1379 458 1423 fiffimi
492 1376 570 1420 effe
611 1377 861 1419 striCtiffimos
882 1411 893 1431 ‚
926 1390 1051 1432 eoque
1084 1377 1168 1418 fieri
1201 1387 1247 1418 vt
1280 1377 1484 1431 particulae
1515 1377 1663 1432 spiritus

331 1437 423 1486 nitri
466 1456 532 1485 eos
573 1443 719 1498 ingredi
760 1452 963 1498 nequeant.
1033 1442 1224 1497 Equidem
1264 1441 1428 1483 fatemur
1462 1442 1660 1496 particulas

331 1508 515 1554 menstrui
548 1508 767 1562 grandiores
799 1520 919 1560 poros
951 1506 1119 1547 soluendi
1152 1506 1359 1547 subtiliores
1391 1506 1537 1560 ingredi
1579 1517 1660 1547 non

333 1569 478 1628 pofl‘e3
512 1570 710 1627 particulas
745 1580 875 1611 tamen
908 1569 1057 1624 spiritus
1092 1570 1181 1609 nitri
1213 1568 1340 1610 multo
1373 1570 1583 1611 subtiliores
1601 1568 1659 1611 es-

332 1637 372 1678 se
404 1637 507 1691 poris
540 1635 619 1676 auri
650 1647 704 1675 ex
739 1635 975 1689 sequentibus
1007 1632 1237 1687 colligimus.
1304 1631 1464 1688 Spiritus
1496 1633 1586 1674 nitri
1620 1642 1661 1675 et

334 1701 483 1757 spiritus
523 1699 603 1743 filis
633 1698 786 1740 seorsim
826 1698 973 1753 sumpta
1007 1711 1138 1749 aurum
1172 1698 1326 1752 quidem
1360 1710 1441 1739 non
1474 1697 1658 1753 soluunt;

335 1774 375 1808 at
424 1765 465 1805 in
511 1777 645 1819 aquam
687 1765 782 1818 regis
822 1764 1032 1805 commixti
1073 1762 1265 1818 peculiare
1305 1763 1383 1803 auri
1423 1761 1661 1804 menstruum

337 1829 517 1874 existunt.
586 1826 872 1883 Consequenter
919 1840 1036 1882 poros
1084 1828 1163 1869 eius
1219 1826 1479 1881 ingrediuntur
1519 1824 1663 1882 (quod

339 1894 428 1936 atstu
462 1893 547 1936 fieri
582 1894 616 1943 §.
657 1905 727 1933 20.
764 1890 1111 1948 demonstrabitur)
1154 1891 1258 1933 vnde
1298 1892 1452 1932 euidens
1490 1891 1543 1932 est
1577 1904 1668 1946 par-

339 1959 471 2001 ticulas
504 1959 651 2013 spiritus
704 1957 794 1999 nitri
836 1967 875 1999 et
907 1957 1053 2012 spiritus
1091 1955 1192 2008 salis,
1225 1955 1337 1997 fimul
1369 1955 1409 1996 in
1444 1955 1667 2010 corpuscula

340 2023 468 2063 mixta
500 2023 657 2075 inuitas,
692 2020 771 2065 effe
813 2023 918 2081 poris
950 2021 1029 2062 auri
1061 2021 1228 2061 minores
1247 2052 1258 2072 ,
1300 2029 1411 2075 atque
1445 2020 1543 2061 adeo
1576 2033 1598 2062 a
1629 2019 1667 2062 se

339 2085 506 2131 inuicem
539 2085 721 2143 separatas
755 2086 882 2130 multo
916 2085 1069 2128 minore
1101 2083 1327 2130 extensione
1368 2084 1555 2144 praeditas
1587 2082 1666 2128 effe

1553 2149 1668 2193 debe-
