1820 2506
381 190 471 229 322
696 176 980 226 HISTORIA
1012 177 1372 229 ANATOMICA

383 311 431 340 an
452 311 523 352 pro
542 296 674 339 hernia
692 300 859 353 ventosa,
893 314 941 341 an
961 314 1032 355 pro
1051 301 1273 342 membrana
1291 299 1426 359 δάρἾος
1446 303 1641 346 incraflhta
1660 310 1703 346 et

380 363 512 404 inflata
538 362 667 403 haberi
684 364 840 416 debeat,
859 376 945 405 ante
962 366 1169 407 sectionem
1196 366 1394 407 diiudicari
1413 371 1552 422 nequit.
1591 369 1696 421 Imo,

381 426 525 467 etiamsi
559 439 667 467 certo
701 429 888 469 constaret
921 431 968 469 de
1003 430 1151 470 testibus
1169 464 1179 482 ,
1213 431 1314 470 nulla
1347 441 1475 471 tamen
1517 434 1599 473 vaia
1631 433 1698 473 de-

382 489 541 530 ferentia
561 493 682 544 tetigi.
724 491 906 546 Denique
934 494 972 533 in
991 494 1096 536 nullo
1123 494 1262 534 horum
1297 507 1505 548 puerorum
1537 497 1700 549 vaginae

380 554 582 607 vestigium
613 556 731 595 vllum
758 566 915 609 apparet
936 571 946 610 3
991 559 1029 597 in
1048 558 1248 598 Michaele
1273 568 1311 598 et
1338 558 1515 599 Iohanne
1535 559 1596 598 sub
1613 571 1698 599 vre-

381 618 489 658 thrae
507 618 659 659 orificio
677 621 770 659 cutis
788 621 955 673 perinaei
974 623 1153 676 vtrinque
1170 623 1208 661 in
1226 622 1416 662 labiorum
1435 622 1600 663 formam
1618 631 1700 663 tur-

381 692 458 736 get.
504 682 609 738 Quid
642 682 707 723 sub
741 693 826 723 cute
858 684 1009 726 lateat?
1042 686 1249 739 ignoratur.

535 747 622 787 Huc
657 758 775 801 vsque
808 745 870 789 Cl.
906 749 1211 790 Weitbrechtius
1242 751 1367 803 prima
1400 750 1459 791 sua
1491 749 1704 804 inquifitio-

382 822 464 851 ne:
502 823 591 851 cum
625 820 751 852 autem
785 812 824 852 in
857 814 970 854 initio
1003 813 1111 854 huius
1144 812 1414 854 dissertationis
1446 815 1549 855 redte
1580 825 1704 854 anno-

383 883 466 926 tat,
519 876 707 927 temporis
759 876 881 916 tractu
943 878 1062 917 multa
1103 875 1213 931 poffe
1255 879 1393 917 mutari
1427 879 1466 917 in
1513 876 1703 918 eiusmodi

382 938 572 989 subiectis,
606 938 653 977 ad
680 937 977 981 elucidationem
1012 942 1178 981 triennio
1210 941 1364 981 circiter
1396 941 1539 994 postea,
1573 938 1705 981 mense

383 1013 526 1055 nempe
577 1001 752 1054 Augusto
793 1003 903 1044 Anni
942 1008 1082 1057 1746,
1115 1004 1414 1058 disquisitionem
1450 1004 1551 1045 suam
1592 1016 1700 1058 repe-

384 1066 474 1105 tiuit
491 1097 502 1116 ‚
546 1073 660 1118 atque
693 1065 821 1118 figuris
853 1067 901 1107 ad
950 1069 1062 1108 viuos
1110 1068 1304 1108 delineatis
1354 1069 1506 1108 ornauit
1540 1067 1705 1109 alteram

384 1129 576 1170 concinne
600 1137 639 1166 et
673 1129 835 1169 breuiter
879 1129 938 1169 his
969 1131 1095 1171 verbis
1128 1132 1349 1183 descriptam
1389 1130 1703 1172 dissertationem.

527 1190 577 1232 In
608 1191 723 1232 tribus
755 1192 829 1233 illis
859 1193 1198 1248 Hermaphroditis
1216 1227 1226 1247 ,
1260 1193 1491 1234 Abrahamo
1528 1202 1569 1233 et
1623 1194 1707 1235 Te-

379 1256 507 1298 rentio
557 1254 764 1297 Kusnezof
799 1255 973 1298 fratribus
997 1291 1010 1310 ,
1080 1259 1251 1311 itemque
1299 1257 1476 1298 Iohanne
1526 1256 1712 1311 Lnganof

378 1319 598 1370 (Michae‘l
630 1321 737 1361 enim
770 1319 957 1362 Iohannis
986 1323 1101 1363 frater
1133 1322 1234 1363 clam
1268 1320 1422 1364 euafifl‘e
1455 1319 1608 1379 dicitur)
1642 1333 1707 1363 re-

380 1386 503 1441 petita
535 1384 780 1438 inquifitione
814 1385 1006 1440 sequentia
1038 1386 1182 1427 inueni.

492 1448 531 1490 1:
555 1447 604 1489 In
620 1448 846 1490 Abrahamo
865 1451 1061 1492 decimum
1077 1452 1255 1505 quintum
1277 1463 1419 1492 annum
1437 1458 1573 1504 agente
1588 1449 1703 1504 pubis

383 1513 492 1566 regio
509 1522 650 1565 turget.
682 1512 816 1553 Lateri
833 1514 977 1554 dextro
1002 1515 1176 1556 membri
1196 1516 1358 1568 penduli
1376 1516 1528 1555 adiacet
1544 1513 1705 1565 bursula,

384 1576 427 1618 in
436 1589 509 1631 qua
519 1575 713 1617 testiculus
731 1586 772 1616 et
790 1578 1052 1631 epidydimis,
1071 1587 1113 1618 et
1133 1590 1200 1618 vas
1215 1579 1387 1618 deterens
1406 1576 1583 1618 distinete
1599 1576 1708 1630 tangi

386 1651 546 1696 queunt.
614 1640 664 1681 In
698 1640 823 1681 latere
862 1642 1011 1683 smistro
1052 1651 1184 1683 autem
1225 1642 1370 1683 bursula
1409 1642 1463 1682 est
1503 1654 1626 1681 vacua
1666 1650 1709 1682 et

386 1704 626 1759 pectinatim
659 1706 808 1759 rugosa.
875 1705 1107 1749 membrum
1125 1707 1273 1759 tegitur
1288 1716 1377 1747 cute
1401 1704 1595 1746 laxiffima
1620 1717 1708 1745 am-

389 1769 506 1823 plum
540 1770 791 1825 praeputium
832 1769 1041 1812 formante.
1119 1770 1331 1812 Orificium
1372 1768 1557 1810 vrethrae
1598 1768 1710 1810 distat

388 1844 413 1873 a
447 1834 575 1875 radice
609 1834 756 1889 glandis
788 1834 976 1889 pollicem
1010 1836 1174 1877 circiter.
1241 1833 1373 1875 Sulcus
1402 1834 1505 1874 inter
1523 1832 1596 1872 hos
1613 1833 1712 1874 duos

391 1898 589 1941 terminos
619 1899 919 1954 comprehensus
952 1902 1069 1941 scatet
1100 1900 1283 1940 lacunulis
1314 1896 1652 1951 longitudinalibus
1683 1908 1709 1938 a

391 1960 587 2005 foramine
622 1963 803 2005 vrethrae
837 1964 1019 2018 glandem
1060 1966 1187 2005 versus
1212 1962 1395 2005 radiatim
1422 1959 1709 2015 assurgentibus,

393 2026 436 2066 in
480 2028 615 2080 quibus
660 2036 701 2068 et
745 2029 895 2070 minuta
933 2029 1157 2083 corpuscula
1175 2061 1186 2080 ‚
1227 2025 1492 2082 glandularum
1535 2027 1708 2080 speciem

393 2101 491 2148 prae
523 2092 562 2133 se
593 2090 767 2133 ferentia.
829 2091 951 2136 Glans
983 2094 1112 2137 hiulca
1145 2100 1185 2134 et
1218 2091 1320 2148 quasi
1352 2089 1451 2132 fiffa.
1513 2090 1582 2133 Ad
1597 2090 1711 2195 hig-us

1604 2154 1635 2197 fi
1666 2165 1716 2195 u·
