1820 2506
374 219 416 256 22
425 215 478 249 10
825 200 1275 251 MEDITATIONES

387 332 520 369 motum
552 323 748 383 intestinum
779 321 922 380 causam
958 324 1091 367 caloris
1124 325 1275 384 existere
1294 358 1305 378 ,
1343 334 1409 380 quo
1437 322 1645 382 praeditum
1662 321 1710 381 est

376 398 518 448 >corpus
550 393 676 433 minus.
697 390 850 433 calidum
869 423 879 442 ,
913 401 1020 445 quam
1054 389 1158 431 aliud
1176 422 1186 441 ,
1221 390 1315 446 quod
1342 390 1460 431 eodem
1474 399 1566 432 motu
1591 396 1707 432 caret.

515 455 578 505 --§.
616 464 656 505 7.
692 453 917 507 Corporum
947 454 1181 508 liquidorum
1212 453 1417 508 particulae
1448 465 1529 496 tam
1546 455 1618 496 leui
1645 466 1713 495 ne-

390 531 447 562 xu
487 521 587 560 inter
607 520 643 559 se
675 517 882 558 cohaerent
900 551 911 570 ,
949 527 991 557 vt
1024 518 1210 571 diffluant,
1244 519 1311 559 nisi
1347 518 1444 559 duro
1473 518 1600 572 aliquo
1625 531 1713 560 cor-

390 597 489 639 pore
520 583 770 624 cohibeantur
789 615 800 635 ,
831 592 944 637 atque
979 581 1080 623 nulla
1113 581 1187 624 fere
1220 584 1263 623 vi
1298 592 1457 623 externa
1489 595 1587 636 opus
1603 583 1648 624 sit
1664 582 1712 624 ad

389 648 603 689 tollendam
653 659 782 687 earum
833 646 1101 687 cohaesionem
1121 681 1131 700 ,
1173 647 1235 688 secl
1278 647 1414 700 sponte
1453 645 1514 686 sua
1554 647 1682 688 diuelli
1700 679 1712 699 ‚

390 724 414 752 a
447 712 481 752 se
513 712 681 752 inuicem
714 711 893 750 recedere
923 720 1034 765 atque
1066 722 1178 752 motu
1211 711 1445 765 progreffiuo
1463 711 1611 751 moueri
1628 709 1716 765 pos-

390 776 474 818 sint.
545 776 658 816 Vnde
691 774 738 815 fit
758 809 768 827 ⁷
803 774 906 829 quod
938 773 1041 815 nulla
1073 776 1175 829 sigua
1207 775 1385 816 durabilia
1418 773 1625 829 liquoribus
1641 775 1717 816 im-

390 840 508 894 primi
541 848 681 894 queant
699 837 712 891 ‚'
750 836 813 879 sed
831 839 964 880 omnia
982 849 1190 880 momento
1208 839 1470 880 obliterentur.
1537 839 1605 880 An
1623 850 1716 893 pro-

389 903 566 957 greffiuus
597 903 792 943 intestinus
823 912 955 943 motus
996 903 1038 943 in
1078 902 1187 944 omni
1226 915 1394 957 corpore
1440 901 1587 957 liquido
1605 936 1617 957 ‚
1658 911 1716 944 et-

390 967 470 1008 iam
487 968 603 1020 gradu
635 966 770 1007 caloris
804 967 927 1007 vitalis
959 964 1169 1020 frigidiore,
1202 967 1290 1008 adiu
1324 967 1413 1019 fiat,
1429 979 1500 1008 nec
1532 980 1601 1020 ne,
1632 979 1715 1008 non

391 1031 456 1072 hic
491 1031 729 1086 disquirimus
747 1064 758 1084 ,
792 1043 880 1071 cum
911 1030 1112 1084 proposito
1146 1030 1278 1072 nostro
1308 1032 1537 1072 satisfactum
1570 1032 1616 1072 iri
1634 1043 1716 1072 non

391 1095 611 1136 dubitemus
629 1127 640 1147 ‚
674 1095 702 1136 fi
732 1095 1005 1135 ostenderimus
1036 1095 1115 1134 dari
1148 1093 1248 1136 casus
1287 1094 1604 1150 frequentiffimos
1622 1126 1635 1148 ‚
1675 1094 1716 1135 in

391 1159 526 1212 quibus
544 1158 609 1198 ille
626 1157 823 1197 clariffime
841 1166 959 1210 patet,
993 1157 1043 1197 Id
1059 1159 1164 1197 circo
1189 1156 1394 1198 solutiones
1419 1157 1548 1199 {alium
1565 1158 1604 1199 in
1623 1169 1719 1212 aqua

391 1222 524 1278 primo
542 1222 582 1262 in
601 1221 773 1262 medium
792 1221 1051 1275 producimus.
1087 1220 1151 1262 Fit
1175 1223 1280 1262 enim
1298 1219 1383 1275 lege
1399 1220 1600 1274 constanti,
1616 1229 1664 1262 vt
1679 1233 1719 1262 a-

392 1298 468 1340 qua
484 1286 530 1326 ad
540 1283 683 1327 sensum
701 1286 825 1340 quieta
841 1284 974 1326 manui
1006 1284 1170 1326 senfibile
1200 1285 1315 1339 fiigus
1347 1284 1574 1340 imprimens
1604 1285 1719 1326 salem

392 1351 600 1403 marinum,
634 1351 798 1402 nitrum,
832 1349 993 1390 salemue
1028 1349 1333 1391 Ammoni-acum
1367 1348 1407 1390 in
1439 1349 1573 1390 medio
1601 1346 1721 1390 fimdo

390 1413 488 1454 vafis
520 1414 686 1468 pofitum
730 1413 876 1454 soluens
893 1447 905 1467 ,
939 1426 1029 1454 eum
1071 1426 1218 1468 quaqua
1268 1413 1394 1454 versus
1432 1412 1610 1455 distrahat
1649 1425 1721 1468 per

392 1485 522 1518 totum
552 1476 605 1519 sui
638 1478 843 1523 volumen.
912 1477 1032 1534 Quod
1064 1491 1153 1518 cum
1188 1476 1272 1519 fieri
1315 1477 1402 1518 alias
1450 1488 1614 1532 nequeat
1653 1477 1720 1518 nifi

392 1553 536 1595 aqueae
569 1541 777 1596 particulae
811 1541 984 1595 abreptas
1023 1541 1155 1582 salinas
1185 1542 1394 1582 moleculas
1427 1554 1448 1582 a
1489 1541 1605 1583 fiusto
1637 1540 1720 1582 salis

393 1615 655 1661 remoueant·⁷
692 1604 772 1646 latis
805 1617 898 1660 ergo
931 1603 1057 1646 elucet
1088 1618 1221 1659 aqueas
1253 1603 1454 1661 particulas
1486 1606 1580 1659 ipsas
1604 1614 1718 1647 motu

381 1668 633 1725 ‘progreffiuo
672 1668 789 1723 ferri,
842 1669 911 1710 vbi
951 1668 1066 1710 salem
1109 1670 1274 1725 aliquem
1322 1666 1542 1710 diffoluuut.
1606 1669 1716 1711 Idem

395 1735 622 1788 contingere
654 1734 695 1774 in
729 1743 886 1788 argento
916 1734 1011 1775 viuo
1029 1768 1040 1786 ,
1076 1747 1168 1775 cum
1200 1732 1353 1775 metalla
1387 1734 1558 1774 corrodit
1575 1742 1612 1774 et
1630 1746 1717 1788 par-

394 1798 529 1839 ticulas
561 1811 695 1839 eorum
729 1798 899 1839 distrahit
916 1830 928 1851 ,
961 1799 1001 1838 in
1035 1796 1164 1851 spiritu
1196 1798 1301 1851 vini,
1334 1809 1423 1837 cum
1456 1797 1635 1838 tincturas
1665 1809 1719 1840 ex

397 1862 664 1916 vegetabilibus
704 1861 808 1904 elicit
826 1895 836 1915 ,
872 1875 991 1904 nemo
1023 1862 1092 1903 ibit
1131 1861 1288 1903 inficias.

537 1927 572 1976 §.
616 1933 653 1970 8.
691 1923 839 1968 Contra
871 1936 997 1969 autem
1030 1926 1236 1981 particulae
1268 1937 1476 1980 corporum
1510 1924 1717 1969 solidorum

396 1990 614 2043 praesertim
656 1992 854 2033 duriorum
887 1991 1198 2046 inorganicorum
1229 1999 1311 2031 tam
1342 1990 1450 2031 arao
1483 2003 1590 2032 nexu
1629 1992 1718 2032 vin-

399 2054 485 2093 ‹stae
526 2055 886 2108 deprehenduntur,
921 2064 966 2096 vt
998 2055 1039 2095 vi
1070 2065 1227 2095 externa
1257 2067 1317 2095 eas
1359 2054 1543 2096 diuidenti
1582 2047 1718 2096 admo-

397 2116 494 2176 dum
533 2118 728 2163 resistant:
772 2118 1024 2176 quamobrem
1073 2118 1158 2164 fieri
1201 2131 1282 2163 non
1323 2119 1462 2178 potest,
1505 2128 1552 2162 vt
1581 2118 1718 2177 sponte

1653 2183 1716 2227 sua
