1820 2506
895 138 930 196 J(
960 142 1019 179 66
1052 136 1084 194 )(

314 255 440 300 reddit
456 291 466 310 ‚
502 269 570 298 cur
598 252 786 295 Lunariae
819 264 905 294 eam
937 254 1106 294 iunxerit
1139 260 1179 292 et
1210 263 1289 292 non
1321 265 1466 295 nouum
1509 264 1623 309 genus

312 323 562 363 constituerit.

440 385 615 424 Tandem
650 379 880 424 Thaliarmn
898 413 909 432 ,
941 381 1044 433 quod
1085 393 1105 420 e
1139 379 1340 420 seminibus
1388 394 1408 421 a
1458 378 1626 424 Stellero

307 448 348 489 in
375 446 626 488 Camschatka
659 447 766 487 leeris
784 477 794 495 ,
827 445 967 497 prodiit
988 476 998 495 ,
1035 455 1109 496 pro
1142 456 1243 484 noua
1276 445 1400 500 specie
1415 445 1585 486 describit
1603 477 1613 497 ,

310 511 640 566 differentiamque
671 511 747 550 eius
784 521 806 548 a
840 507 1113 562 congeneribus
1145 507 1263 549 addit.

597 736 1325 819 'ASTRsoNoMioA

311 910 377 950 DE
410 905 558 944 MOTV
592 873 836 941 NOuORVM
865 867 1029 940 LVNAF:
1059 901 1266 948 EIVSQVE
1298 901 1624 942 INCLNATONIS

400 959 467 995 AD
493 955 785 994 ECLIPTICAM
823 953 1133 992 VARIATIONE.
1182 955 1223 992 A.
1253 954 1293 991 L.
1321 952 1533 991 EVLERO.

428 1053 618 1107 *licunque
647 1052 838 1092 theoriam
871 1051 983 1092 lunae
1014 1051 1197 1103 breuiter,
1232 1049 1293 1090 sed
1327 1050 1429 1091 clare
1461 1062 1503 1090 ac
1536 1062 1630 1103 pei·⁴

456 1116 579 1171 spicue
619 1116 887 1169 pertractatam
931 1116 1058 1169 legere
1099 1114 1256 1168 gestiunt
1275 1147 1286 1167 ‚
1331 1115 1375 1154 iis
1401 1111 1634 1154 dissertatio·

309 1193 403 1223 nem
439 1181 537 1221 hanc
581 1177 665 1220 Cel.
700 1179 849 1231 Euleri,
881 1191 953 1220 nec
985 1192 1066 1219 non
1099 1179 1319 1232 sequentem
1338 1210 1349 1228 ,
1383 1190 1480 1232 quae
1513 1189 1632 1231 quan-

311 1253 400 1286 tum
434 1253 564 1285 motus
597 1253 718 1283 terrae
758 1255 780 1282 a
814 1242 904 1283 luna
938 1242 1178 1295 perturbetur
1209 1241 1416 1282 accuratius
1447 1241 1602 1295 inquirit
1620 1272 1633 1292 ‚

312 1309 455 1350 merito
505 1306 838 1355 commendamus.
921 1305 1086 1353 Instituti
1136 1303 1254 1345 nostri
1302 1306 1402 1345 ratio
1453 1304 1633 1358 equidem

314 1371 488 1427 posceret
506 1402 518 1423 ,
550 1379 610 1411 'vt
649 1369 852 1423 praecipua
887 1378 1069 1409 contenta
1109 1367 1174 1407 hic
1208 1379 1479 1420 exponamUS‚
1522 1379 1636 1407 vere-

313 1448 403 1478 mur
441 1444 572 1475 tamen
611 1433 761 1484 valde,
787 1444 857 1484 ne,
899 1432 992 1473 dum
1026 1431 1213 1472 breuiores
1236 1428 1331 1477 Cel.
1368 1432 1521 1476 auctore
1554 1428 1632 1470 effe

313 1498 496 1544 volumus
515 1530 526 1550 ,
560 1497 767 1540 lectoribus
799 1495 934 1543 nostris
965 1495 1196 1536 obscuriores
1228 1494 1366 1536 fiamus
1384 1529 1394 1547 ,
1438 1495 1528 1536 hinc
1565 1493 1636 1534 ali-

315 1575 432 1617 quem
466 1561 595 1602 saltem
629 1559 866 1615 praegustum
900 1559 1062 1608 altarum
1090 1558 1227 1599 harum
1245 1558 1548 1612 speculationum
1567 1557 1638 1598 de-

314 1624 409 1668 diffe
426 1658 438 1679 ,
471 1624 697 1679 fontemque
729 1624 852 1678 ipsum
886 1620 1108 1673 monstrasse
1141 1623 1318 1663 conteuti
1360 1624 1521 1669 erimus.⁴

431 1688 584 1730 Lunam
635 1687 795 1741 scilicet,
829 1700 968 1741 corpus
998 1688 1099 1727 inter
1127 1679 1274 1727 'omnia
1314 1686 1491 1732 coelestia
1522 1685 1635 1726 nobis

315 1754 549 1810 proximum
570 1786 582 1806 ‚
615 1753 717 1793 cuius
749 1752 965 1793 distantiam
1007 1763 1087 1805 ope
1119 1751 1358 1804 parallaxeos
1391 1751 1468 1796 fine
1486 1748 1651 1795 senfibi·=

314 1819 343 1860 li
393 1830 522 1859 errore
573 1815 755 1870 assignare
804 1816 976 1857 valemus
996 1846 1007 1866 ,
1039 1826 1128 1868 quo
1166 1815 1323 1862 subsidio
1363 1815 1464 1855 circa
1493 1812 1653 1865 solem,-

315 1883 520 1936 praecipue
570 1891 700 1922 autem
748 1879 846 1921 fixas
896 1879 1019 1920 adhuc
1062 1891 1235 1919 caremus
1252 1911 1263 1931 ,
1299 1887 1453 1919 motum
1498 1876 1638 1917 habere

318 1944 446 1986 afferit
477 1946 548 1985 vir.
582 1943 667 1985 Cel.
701 1945 797 1985 adeo
829 1944 1089 1997 implicatam,
1123 1952 1275 1995 totque,
1291 1940 1639 1995 perturbationibus

317 2009 536 2053 obnoxium
554 2041 567 2062 ,
603 2018 655 2050 >vt
686 2008 806 2056 nullis,
841 2007 965 2050 adhuc
1013 2007 1147 2053 certis.
1171 2005 1316 2059 legibus
1377 2003 1638 2048 circumscribi

1598 2074 1638 2108 et
