1820 2506
399 187 425 225 3
434 189 494 229 54-
619 169 1070 219 OBSERVA'HONES
1102 167 1366 216 ANATOM
1368 171 1392 212 I
1395 167 1429 213 C
1430 169 1510 212 ΑΕ

397 290 541 345 spiritui
562 289 753 341 frumenti,
787 298 825 329 et
860 288 959 341 prius
978 298 1094 341 aquae
1113 318 1124 338 ,
1158 285 1456 337 immittebatur,
1493 286 1629 327 leuiter
1646 285 1716 328 de-

403 356 578 395 cidebant
613 354 659 393 ad
691 353 849 393 fiindum
881 352 984 392 vitri.
1053 348 1257 390 Caeterum
1292 349 1515 390 membrana
1554 352 1714 404 integra,

403 427 445 457 et
479 416 540 473 (vt
573 416 671 472 dixi)
706 417 853 468 tenuis,
890 415 948 455 sed
980 414 1086 455 fortis
1105 447 1115 466 ,
1151 415 1231 454 satis
1271 413 1377 454 facile
1420 413 1651 467 separabatur
1692 427 1715 455 a

404 481 518 521 durae
553 482 683 522 matris
715 481 955 521 concauitate
975 512 986 531 ‚
1017 479 1073 518 illi
1107 488 1235 518 tamen
1269 478 1360 518 hinc
1391 478 1479 519 inde
1497 476 1625 518 fortius
1648 491 1714 518 an-

404 557 507 586 nexa
548 559 618 599 per
659 544 887 585 tenuissimas
928 542 1109 584 fibrillas:
1160 541 1369 596 superficies
1419 551 1548 581 autem
1568 574 1579 593 ,
1621 555 1716 597 quae

403 612 583 651 continua
644 619 725 649 erat
776 609 888 649 durae
945 608 1087 659 matri,
1128 606 1252 659 glabra
1271 640 1282 659 ,
1322 606 1443 658 magis
1482 605 1718 659 albescebat,

403 673 489 727 plus
529 686 678 713 neruea.
747 671 1036 714 Extendebatur
1068 670 1165 711 haec
1199 670 1421 711 membrana
1454 682 1475 709 a
1516 669 1596 709 sinu
1631 670 1719 711 lon-

402 737 601 790 gitudinali
622 770 633 789 ,
667 737 734 777 vbi
766 749 834 791 per
867 735 979 777 fibras
1011 734 1356 788 complicationem
1388 733 1515 774 leuem
1542 732 1718 774 efficien-

403 809 460 841 tes
478 835 489 854 ‚
523 801 756 842 accrescebat
787 800 896 853 supra
931 809 1060 840 totum
1095 798 1438 851 haemisphaerium
1469 798 1652 838 dextrum
1671 797 1719 840 ad

403 864 566 906 fundum
599 865 782 905 caluariae
815 876 945 918 vsque.
1012 863 1145 916 Atque
1175 861 1246 901 sese
1279 875 1301 901 a
1334 861 1451 900 latere
1469 862 1607 902 eodem
1625 874 1720 902 cum

402 927 577 983 proceffu
612 928 814 968 falciformi
856 929 955 967 intra
989 925 1292 978 haemisphaeria
1326 925 1470 964 cerebri
1489 925 1717 980 infinuabat·,

399 1005 422 1034 a
455 992 569 1033 latere
601 1001 733 1032 autem
766 991 912 1032 sinistro
945 1000 1028 1030 tota
1062 989 1333 1030 desiderabatur
1351 1020 1363 1040 ,
1396 1000 1553 1042 eratque
1572 989 1720 1031 ibidem

403 1055 495 1097 dura
528 1066 650 1097 mater
668 1089 679 1108 ,
710 1065 756 1096 vt
789 1055 883 1095 solet
914 1052 1108 1107 superficie
1144 1053 1201 1092 sua
1236 1053 1383 1092 interna
1401 1085 1413 1103 ,
1449 1054 1622 1093 naturalis
1639 1063 1722 1095 tam

402 1119 511 1174 filpra
545 1119 741 1159 cerebrum
760 1151 772 1170 ‚
805 1130 923 1171 quam
955 1118 1056 1156 intra
1087 1116 1254 1156 eiusdem
1287 1116 1528 1156 diuisionem.

554 1182 676 1234 Scio,
714 1184 792 1223 iam
825 1180 1066 1222 Columbum
1087 1212 1097 1232 ‚
1132 1176 1411 1219 Vieuffenfium
1432 1212 1444 1232 ‚
1479 1181 1690 1233 Ridleyum
1708 1214 1723 1235 ‚

404 1246 667 1291 Pacchionem
686 1279 698 1300 ‚
732 1246 900 1300 aliosque
918 1278 930 1298 ,
963 1245 1029 1299 qui
1062 1244 1110 1284 de
1143 1244 1235 1284 dura
1268 1253 1391 1284 matre
1421 1243 1652 1298 seriphum,
1678 1245 1721 1286 il-

402 1311 483 1354 lam
509 1312 651 1366 duplici
684 1311 906 1352 membrana
924 1308 1161 1350 constantem
1181 1307 1366 1349 exhibere
1384 1341 1395 1361 ,
1429 1309 1529 1349 inter
1547 1322 1637 1363 quas
1655 1322 1723 1350 va-

400 1375 438 1418 sa
470 1377 673 1417 decurrunt
691 1409 701 1428 ‚
737 1386 776 1416 et
808 1375 874 1416 has
906 1373 1121 1428 superficies
1150 1374 1364 1413 intertextis
1398 1372 1502 1413 fibris
1532 1373 1722 1414 musculo-

402 1440 448 1482 fis
465 1440 642 1481 constitui
662 1473 672 1493 ,
707 1440 810 1481 vnde
827 1437 952 1480 devsu
969 1439 1064 1479 mira
1084 1439 1350 1491 imaginantur.
1396 1437 1484 1478 Post
1501 1438 1721 1479 diuturnam

403 1506 709 1545 macerationem
749 1506 789 1543 in
833 1515 927 1556 aqua
968 1502 1101 1555 frigida
1140 1503 1327 1554 experior
1344 1535 1354 1554 ,
1396 1502 1509 1542 fibras
1542 1500 1607 1541 has
1639 1499 1719 1542 effe

403 1577 635 1609 contextum
668 1566 886 1607 cellulosum
904 1598 915 1619 ,
950 1565 1025 1605 fiue
1058 1565 1305 1605 veficularem
1325 1597 1336 1617 ,
1370 1566 1453 1606 vasa
1493 1565 1638 1606 maiora
1680 1573 1720 1607 et

405 1633 560 1674 minora
600 1633 698 1671 inter
738 1629 773 1671 fe
813 1631 1036 1683 iungentem
1068 1659 1080 1681 ‚
1124 1638 1284 1683 tumque
1324 1628 1560 1682 superficiem
1590 1661 1601 1679 ‚
1650 1629 1727 1671 offic

405 1696 635 1749 contiguam
654 1728 665 1747 ,
716 1693 787 1734 effe
820 1695 1039 1734 tenuiorem
1074 1702 1307 1733 contextum
1346 1693 1690 1734 membranaceum
1707 1727 1720 1747 ‚

403 1773 520 1813 quam
554 1773 650 1814 quae
683 1759 791 1813 piam
824 1767 988 1800 matrem
1022 1757 1182 1809 respicit.
1252 1756 1363 1797 Idem
1405 1758 1445 1797 in
1463 1757 1555 1796 dura
1596 1768 1723 1799 matre

406 1823 637 1878 Elephantis
655 1857 665 1876 ,
699 1822 921 1876 quibusdam
955 1823 994 1862 in
1014 1821 1106 1862 locis
1124 1821 1286 1873 digitum
1306 1821 1381 1860 fere
1412 1819 1528 1861 craffa
1546 1821 1718 1864 inuenio.

403 1888 507 1930 Hinc
540 1888 641 1929 nulla
675 1887 730 1927 est
763 1885 930 1941 suspicio,
948 1885 1215 1926 membranam
1235 1885 1462 1938 descriptam
1484 1918 1495 1936 ,
1513 1884 1722 1940 ‘homoge-

405 1964 519 1992 neam
540 1986 550 2004 ,
584 1950 661 1992 effe
679 1951 892 1991 habendam
927 1963 1000 2004 pro
1022 1950 1136 1990 altera
1169 1948 1299 1991 harum
1331 1949 1562 2002 duplicatum
1582 1983 1595 2002 ,
1633 1951 1723 2004 quia

405 2014 520 2067 longe
560 2016 650 2056 alius
684 2015 737 2055 est
770 2014 876 2055 faciei
896 2048 905 2066 ,
940 2024 979 2055 et
1011 2015 1049 2054 in
1082 2013 1228 2054 finistro
1259 2014 1375 2053 latere
1417 2012 1578 2065 deficit,
1613 2015 1720 2067 quod

404 2086 451 2118 ‘vt
481 2079 617 2121 certius
651 2088 831 2135 appareat
848 2111 860 2132 ‚
894 2079 1037 2121 eodem
1066 2078 1181 2120 latere
1201 2110 1212 2131 ‚
1246 2090 1324 2133 quo
1357 2077 1457 2120 hanc
1489 2078 1535 2120 ab
1567 2079 1717 2119 interna

1589 2141 1723 2200 supet·
