1820 2506
500 168 798 217 SPECIMEN
832 164 1061 215 PRIMVM
1349 183 1435 224 293

123 293 220 336 hora
252 291 325 333 VI.
367 293 553 334 matutina
588 305 708 348 vsque
739 292 786 333 ad
818 291 956 333 horam
990 290 1063 332 VI.
1099 287 1356 345 vespertinam
1384 291 1439 331 se·

123 357 363 400 micirculum
398 359 599 411 percurrit,
632 357 831 413 speculum
868 357 1114 411 quadrantem
1157 366 1307 397 tantum
1347 367 1434 409 per-

122 435 270 463 currere
300 423 464 463 debebit.
530 423 616 464 Iam
651 436 703 464 ex
734 432 866 463 natura
905 422 1032 462 circuli
1066 429 1203 461 notum
1224 420 1298 472 est,
1318 433 1438 474 angu-

119 486 200 530 lum
233 488 279 528 ad
297 487 554 542 peripheriam
588 485 735 542 semper
766 485 841 527 effe
871 487 1070 528 dimidium
1104 485 1231 539 anguli
1247 484 1436 526 centralis.

120 550 289 606 Ideoque
321 552 348 593 fi
378 552 570 606 speculum
603 553 643 592 in
676 552 894 607 peripheria
934 551 1065 593 circuli
1103 550 1215 591 fuerit
1257 550 1440 590 constitu-

120 624 208 656 tum
246 625 283 656 et
314 627 591 669 promoueatur
620 629 690 670 per
723 618 873 657 radium
906 617 1068 669 circuli,
1104 615 1297 656 mediante
1331 626 1441 655 crure

119 681 167 721 ‘ad
201 690 374 722 centrum
405 680 549 734 speculi
581 680 706 721 affixo
723 714 734 734 ,
768 682 873 736 quod
907 694 1014 722 crura
1048 680 1174 734 anguli
1194 679 1239 720 ad
1258 677 1441 735 periphe-

121 745 217 786 riam
250 743 508 798 repraestmtat
528 778 538 797 ,
573 745 699 786 statim
737 745 944 800 quaesitum
981 745 1229 785 obtinebitur.

269 809 301 856 ξ.
337 823 380 860 4.
417 807 661 850 Describatur
685 812 809 865 itaque
828 811 867 850 in
888 811 1005 864 plano
1023 809 1258 850 horizontali
1282 806 1456 849 circulus

119 871 289 913 horarius
322 888 348 915 a
367 875 429 927 bg
447 875 475 915 d
493 872 547 929 (n.
584 872 623 930 1)
642 876 739 915 circa
773 877 876 915 cuius
909 885 1083 915 centrum
1114 887 1135 914 c
1170 874 1291 913 index
1309 874 1349 912 in
1370 884 1440 912 ex-

117 937 310 978 tremitate
350 937 513 979 fuscatus
551 952 571 979 c
587 938 612 979 b
651 939 696 979 sit
740 939 906 979 mobilis.
980 937 1028 977 In
1068 935 1286 992 peripheria
1333 935 1443 975 huius

117 1002 280 1054 circuli,
320 1013 358 1043 et
399 1003 556 1057 quidem
597 1003 638 1043 in
682 1003 831 1057 puncto
865 1015 940 1057 pro
972 1001 1093 1042 lubitu
1126 994 1311 1053 adsumto,
1344 1013 1379 1040 e.
1401 1012 1440 1053 g.

116 1067 332 1107 meridiano
351 1100 362 1120 ,
396 1067 642 1108 constituatur
675 1067 872 1121 speculum
891 1101 902 1120 ,
935 1068 976 1109 in
1007 1074 1155 1107 centro'
1173 1065 1319 1106 auersae
1352 1076 1443 1119 par-

115 1130 164 1170 tis
198 1132 314 1170 cauda
346 1132 392 1171 ad
428 1131 667 1184 superficiem
702 1131 1010 1184 perpendiculari
1045 1130 1268 1170 instructum
1290 1161 1301 1180 ,
1343 1141 1453 1183 quae·

116 1194 163 1233 ab
214 1195 463 1234 extremitate
504 1195 638 1234 indicis
676 1195 853 1234 bifurcata
896 1194 1027 1248 excipi
1067 1193 1194 1248 poffit.
1270 1190 1330 1233 Sit
1363 1194 1443 1233 iam

118 1257 305 1311 punctum
332 1259 487 1299 orientis
505 1260 545 1299 in
577 1258 648 1311 Ο,
682 1258 857 1300 meridiei
890 1258 930 1298 in
964 1257 990 1299 S
1025 1267 1064 1298 et
1096 1258 1306 1298 occidentis
1325 1254 1442 1297 inW

115 1332 154 1361 et
185 1323 303 1363 index
338 1323 436 1363 circa
469 1333 599 1365 ortum
630 1323 717 1364 solis
746 1323 792 1364 ad
825 1322 964 1363 horam
997 1322 1069 1363 VI.
1091 1323 1320 1364 matutinam
1346 1333 1443 1361 con-

116 1386 254 1427 versus.
329 1388 526 1444 Quoniam
571 1397 656 1429 tum
677 1388 833 1442 angulus
867 1387 972 1430 bac
1006 1388 1061 1428 est
1094 1387 1331 1438 semirectus,
1360 1385 1444 1439 spe-

116 1450 246 1492 culum
279 1453 327 1492 ad
361 1453 506 1493 radium
541 1453 774 1493 incidentem
808 1452 880 1492 erit
912 1452 1141 1492 inclinatum
1173 1451 1219 1491 ad
1260 1441 1445 1504 angulum‘

114 1514 251 1556 itidem
285 1516 556 1557 scmiredtum·
549 1549 560 1570 ⁷
597 1518 701 1557 vnde
740 1529 816 1570 per
850 1516 1042 1570 principia
1075 1516 1288 1569 catoptrica
1320 1526 1444 1566 angu-

114 1578 181 1631 lus,
213 1572 330 1634 quem
362 1579 452 1621 facit
483 1582 608 1622 radius
639 1581 811 1621 incidens
843 1592 933 1620 cum
964 1580 1130 1633 reflexo,
1165 1580 1237 1619 erit
1288 1578 1439 1631 rectu53

115 1654 251 1698 verget
285 1644 348 1685 hic
384 1647 511 1699 itaque
543 1645 748 1686 fecundum
783 1644 943 1686 ductum
979 1644 1100 1684 lineae
1131 1643 1364 1683 meridianae
1390 1640 1439 1682 ad

117 1705 158 1749 S.
225 1709 335 1749 Hora
367 1710 576 1750 meridiana
610 1710 729 1750 index
764 1718 1014 1750 conuertatur
1046 1710 1087 1748 in
1118 1706 1206 1749 XII
1241 1703 1296 1760 (n.
1320 1701 1363 1761 2)
1401 1714 1441 1746 et

118 1774 239 1812 radius
271 1773 440 1812 incidens
473 1775 518 1814 ad
549 1773 788 1828 superficiem
820 1773 963 1828 speculi
981 1774 1052 1814 erit
1085 1769 1438 1827 perpendicularis3

120 1836 282 1890 ideoque
316 1837 438 1877 radius
471 1837 640 1879 reflexus
672 1839 811 1879 iterum
852 1838 892 1878 in
936 1838 1147 1879 meridiana
1190 1836 1341 1889 cogitur
1381 1834 1440 1874 in-

120 1901 269 1941 cedere.
334 1902 443 1942 Hora
476 1902 549 1943 VI.
587 1902 803 1956 vespertina
836 1903 954 1944 index
988 1903 1142 1944 ducatur
1176 1900 1222 1941 ad
1257 1900 1285 1940 d
1315 1897 1370 1954 (n.
1396 1896 1441 1953 3)

121 1974 160 2004 et
192 1965 347 2018 planum
379 1966 516 2020 speculi
548 1968 689 2008 iterum
724 1966 869 2006 efficiet
887 1967 1066 2020 angulum
1085 1964 1328 2006 semitectum
1348 1975 1440 2004 cum

118 2030 226 2069 radio
267 2031 509 2072 occidentilis
541 2031 627 2072 solis
660 2032 864 2071 incidente.
933 2032 1008 2073 Hic
1043 2033 1169 2086 itaque
1204 2029 1358 2079 eodem,
1393 2035 1441 2067 vt

121 2095 272 2185 priori,
306 2095 428 2136 modo
459 2097 506 2138 ad
538 2096 719 2151 angulum
753 2096 901 2137 ree'tum
934 2097 960 2138 i.
996 2109 1030 2138 e.
1065 2096 1106 2138 in
1139 2095 1240 2138 linea
1260 2091 1440 2135 meridia-

686 2160 725 2201 Ο
758 2173 785 2202 o
819 2171 844 2209 3
1388 2166 1439 2196 na

1473 853 1544 887 Tab.
1571 852 1657 888 vnn

1495 897 1555 934 Fig.
1580 906 1611 928 ι.
