1820 2506
377 182 401 212 2
405 182 465 223 92
687 165 1089 215 MECHANICAE
1120 168 1436 217 COELESTIS

373 291 420 331 tis
454 288 612 344 opficis,
647 288 747 330 circa
781 289 906 331 radios
939 287 1076 330 solares
1111 288 1151 329 in
1186 302 1335 332 camera
1359 292 1511 334 obscura
1538 289 1684 334 institu-

376 355 494 396 endis.

513 418 548 467 §.
592 429 631 466 3.
669 418 831 460 Nouam
865 430 963 458 vero
997 417 1091 458 haec
1121 418 1302 459 machina
1334 419 1444 460 nobis
1473 420 1688 473 suppedita-

375 483 435 523 vit
467 482 772 524 meditationem.
839 479 945 522 Cum
978 483 1160 523 nimirum
1195 484 1235 523 in
1267 483 1496 524 astronomia
1521 485 1688 536 praefica

374 545 622 600 sustentatio,
657 546 820 587 eleuatio
855 554 896 586 et
928 547 1088 587 directio
1123 547 1301 589 tuborum
1342 548 1560 601 praesertim
1601 548 1689 588 lon-

376 611 530 665 giorum
566 613 611 653 ad
646 611 888 653 defideratam
920 611 1160 653 altitudinem
1194 621 1233 652 et
1250 612 1398 666 plagam
1415 612 1604 652 maximas
1619 611 1690 653 dif-

376 675 565 718 ficultates
599 674 804 729 inuoluat·⁷
840 676 1019 717 naturalis
1052 675 1105 716 est
1138 676 1332 716 conclusio
1350 709 1361 729 ‚
1406 688 1543 716 omnes
1583 674 1691 717 hasce

376 739 620 780 difficultates
656 736 874 781 euanescere
894 773 905 793 ,
938 740 966 781 fi
997 740 1106 781 tubus
1140 738 1257 781 semel
1290 752 1365 794 pro
1397 739 1565 794 semper⁴
1581 739 1622 779 in
1647 739 1694 780 fi-

377 814 417 844 tu
452 805 620 857 quodam
653 805 871 845 commodo
890 837 901 856 ,
935 817 970 844 e.
1004 817 1040 858 g.
1076 804 1310 844 horizontali
1329 838 1340 858 ‚
1373 803 1692 845 firmeturetob-

374 868 525 909 iecstum·
556 868 805 908 desideratum
839 880 911 922 per
942 868 1091 910 radium
1123 867 1317 909 reflexum
1350 877 1389 908 et
1420 868 1543 908 fixum
1569 867 1696 908 conti-

376 944 457 972 nuo
491 932 539 972 ad
578 932 712 971 tubum
755 931 973 985 deferatur3
1014 933 1053 973 id
1085 933 1190 987 quod
1223 945 1294 986 per
1323 940 1580 973 memoratam
1612 944 1696 973 ma=

376 995 534 1036 chinam
570 995 756 1049 praestare
790 995 892 1036 licet.
948 996 1101 1049 Operae
1132 996 1259 1049 itaque
1301 997 1465 1049 pretium
1506 995 1586 1036 fore
1627 996 1697 1036 du·

376 1072 428 1100 co
446 1091 457 1110 ,
492 1060 521 1100 fi
553 1072 639 1099 eam
673 1072 726 1098 ex
744 1057 1024 1111 GrauesandiQ
1044 1059 1187 1114 quoad
1217 1057 1422 1109 essentialia
1440 1060 1596 1114 quidem
1614 1071 1697 1099 non

377 1131 565 1164 mutatam
584 1153 595 1173 ‚
628 1122 874 1162 emendatam
907 1132 1039 1162 tamen
1072 1133 1111 1162 et
1143 1123 1232 1163 huic
1249 1123 1369 1177 scopo
1395 1124 1518 1177 magis
1539 1135 1697 1165 accom-

377 1185 574 1227 modatam
593 1217 605 1237 ‚
638 1183 702 1225 hic
741 1197 956 1240 exponam.

517 1249 552 1297 ξ.
597 1263 640 1299 4.
686 1247 743 1288 Vt
780 1262 830 1290 eo
863 1248 1006 1290 facilius
1037 1258 1078 1290 et
1117 1249 1312 1290 iucundius
1350 1249 1545 1290 diiudicari
1586 1257 1703 1304 queat

378 1312 589 1355 machinae
610 1311 769 1354 effeetus
786 1347 797 1365 ,
831 1315 871 1354 in
903 1312 1178 1367 explanatione
1196 1314 1362 1354 eiusdem
1381 1313 1612 1354 methodum
1631 1313 1702 1361 ob7

380 1376 606 1418 seruabimus
638 1376 892 1419 heuristicam.
960 1378 1047 1420 Erit
1080 1378 1175 1419 haec
1216 1377 1328 1419 simul
1368 1377 1703 1419 demonstrationis

379 1440 473 1482 loco
491 1475 502 1494 ‚
534 1455 650 1497 qnam
682 1440 955 1485 Grauefimdius
987 1442 1161 1499 paullum
1183 1443 1421 1494 intricatam,
1454 1455 1581 1497 exque
1623 1441 1701 1483 alio

380 1505 489 1547 fonte
523 1506 728 1548 deducftam
760 1506 965 1547 subiunxit.
1031 1505 1307 1560 Concipiamus
1337 1506 1617 1547 obseruatorem
1658 1507 1701 1546 in

380 1569 537 1624 sphaera
576 1570 770 1624 parallela,
803 1571 828 1609 i.
848 1582 883 1609 e.
918 1570 983 1611 sub
1011 1570 1119 1625 polo,
1153 1569 1271 1610 solem
1306 1582 1402 1610 vero
1433 1569 1499 1610 vel
1530 1570 1701 1624 quemuis

385 1634 584 1688 planetam
617 1634 657 1674 in
691 1643 896 1689 aequatore
928 1632 1005 1675 effe
1038 1634 1321 1686 constitutum3
1362 1643 1402 1674 et
1443 1634 1590 1674 radium
1641 1646 1699 1673 re-

385 1698 535 1739 flexum
570 1699 760 1739 continuo
792 1698 1087 1740 horizontaliter
1105 1700 1145 1738 in
1163 1698 1264 1738 linea
1288 1698 1498 1738 meridiana
1517 1730 1528 1750 ,
1562 1698 1600 1737 in
1627 1709 1701 1752 qua

386 1762 495 1803 tubus
530 1762 675 1804 locatus
714 1763 758 1804 fit
775 1797 787 1816 ,
831 1761 909 1803 effe
949 1763 1181 1805 seruandum.
1257 1761 1343 1802 Iam
1386 1774 1437 1802 ex
1479 1762 1703 1815 catoptricis

387 1828 536 1868 constat
554 1859 565 1880 ,
599 1828 746 1869 radium
779 1827 971 1869 reflexum
989 1828 1141 1882 semper
1157 1824 1319 1880 duplum
1337 1825 1461 1879 anguli
1480 1859 1491 1879 ,
1524 1839 1594 1880 per
1611 1838 1702 1867 mo-

388 1900 473 1933 tum
505 1890 645 1946 speculi
680 1892 883 1947 descripti,
919 1904 1153 1948 percurrere,
1221 1889 1262 1931 Si
1296 1891 1420 1944 itaque
1458 1890 1505 1930 ad
1544 1899 1699 1931 motum

388 1957 483 1996 radii
518 1956 719 1997 incidentis
750 1957 905 1998 accedat
937 1966 1064 1999 motus
1104 1954 1245 2011 speculi
1292 1953 1527 2008 aequiualens
1574 1954 1700 1995 motui

391 2020 484 2059 radii
517 2020 684 2073 reflexi,
719 2019 928 2063 neceffario
962 2022 1122 2075 sequitur
1140 2054 1151 2072 ,
1186 2017 1307 2072 ipsum
1342 2027 1424 2059 tum
1458 2019 1605 2059 radium
1639 2031 1700 2059 re-

390 2082 541 2126 flexum
581 2085 773 2141 persistere
812 2086 948 2127 debere
988 2083 1245 2126 immobilem.
1320 2080 1363 2127 Si
1404 2096 1438 2124 e.
1474 2096 1511 2138 g.
1554 2082 1624 2126 Sol
1654 2082 1702 2145 al>

1605 2147 1704 2189 hora
