1820 2506
388 160 477 206 με
720 154 981 200 HISTORIA
1015 153 1369 202 ANATOMICA

388 274 555 316 deferens
585 283 791 329 Vtrumque
809 307 820 328 ‚
852 275 939 329 post
970 275 1132 316 vesicam
1151 307 1162 327 ,
1191 276 1244 315 *ad
1275 276 1311 316 se
1342 277 1505 319 inuicem
1542 286 1703 317 conuer-

388 351 481 391 gens
499 372 510 390 ,
550 351 655 392 pone
686 341 827 380 collum
862 339 1027 380 eiusdem
1059 350 1097 379 et
1131 340 1283 380 initium
1325 341 1501 381 vrethrae
1519 374 1530 393 ,
1562 340 1706 381 forma-

388 402 451 441 bat
471 436 482 454 ‚
534 413 578 441 vt
610 402 694 442 fieri
725 403 816 443 solet
850 404 887 441 in
922 403 992 443 illis
1036 403 1255 443 animalibus
1274 436 1284 456 ,
1319 416 1413 457 quae
1445 406 1591 445 coitum
1625 415 1705 443 non

386 466 465 504 cito
500 476 709 519 repetunt,
744 465 947 506 extensum
981 466 1127 508 saccum
1148 499 1159 519 ,
1192 468 1257 520 qui
1291 467 1330 506 in
1363 467 1506 507 collum
1538 467 1705 521 angusta-

385 528 494 568 batur
512 562 522 582 ,
568 540 605 569 et
644 532 683 570 in
724 531 912 582 superiore
963 540 1073 584 parte
1121 529 1298 571 vrethrae
1348 530 1582 585 aperiebatur
1601 563 1612 582 ‚
1645 530 1703 570 vti

386 591 479 632 haec
522 596 654 634 omnia
695 593 804 633 flatus
846 602 884 634 et
914 594 1039 648 liquor
1089 607 1159 649 per
1190 604 1396 650 Vtrumque
1429 607 1494 634 vas
1539 592 1703 635 deferens

382 656 569 697 immiffus
594 690 604 709 ,
639 657 838 698 indicabat.

534 721 640 761 A'e're
681 723 816 762 deinde
858 722 993 762 inflato
1041 724 1081 763 in
1113 722 1271 763 alterum
1312 723 1557 763 cauernosum
1598 721 1719 774 penis¹

386 796 524 838 corpus
544 817 554 837 ,
596 786 718 825 altero
760 786 813 833 ita
855 787 1013 826 detento
1031 819 1042 838 ,
1087 795 1132 826 vt
1165 787 1253 826 inde
1294 799 1374 826 non
1408 787 1531 826 exiret
1550 818 1560 837 ‚
1597 784 1704 838 penis

385 848 598 900 erigebatur
639 849 757 902 duplo
797 850 923 889 maior
963 859 1001 889 et
1035 851 1221 890 incuruus.
1290 849 1402 890 Idem
1435 850 1463 890 s1
1496 850 1705 902 adigeretur

383 911 483 950 intra
516 924 654 965 corpus
687 912 923 965 spongiofiim
959 913 1135 953 vrethrae
1155 946 1165 965 ‚
1200 914 1304 966 quod
1336 912 1436 954 hanc
1469 913 1515 953 ad
1549 912 1702 952 initium

380 973 572 1026 integrum
623 976 937 1016 circumambibat
965 1008 976 1027 ,
1028 985 1067 1015 et
1109 975 1185 1015 hoc
1225 976 1437 1017 eleuabatur
1456 1009 1467 1028 ,
1519 975 1704 1029 simulque

381 1037 484 1090 glans
524 1039 632 1091 penis
673 1039 895 1091 erigebatur.
964 1039 1070 1080 Tum
1120 1052 1217 1080 vero
1265 1040 1469 1093 apparebat
1519 1040 1600 1091 ibi,
1634 1039 1703 1080 vbi

381 1100 540 1140 vrethra
607 1102 829 1153 perinaeum
889 1111 988 1141 mter
1046 1111 1087 1141 et
1145 1103 1322 1154 glandem
1387 1102 1672 1143 exscindebatur
1689 1135 1702 1155 ,

384 1162 511 1203 ablato
554 1164 653 1217 qnasi
691 1164 883 1217 segmento
903 1198 913 1217 ,
955 1165 1060 1218 quod
1100 1164 1246 1205 inferne
1283 1166 1390 1205 iuxta
1438 1165 1702 1206 semicanalem

381 1225 634 1281 semi-corpus
683 1227 924 1282 spongiosum
965 1227 1066 1269 hunc
1095 1228 1257 1269 ambiret
1274 1261 1286 1282 ‚
1324 1237 1434 1282 atque
1464 1229 1505 1269 in
1538 1228 1703 1282 fungosi-

383 1299 503 1331 tatem
540 1292 679 1344 glandis
728 1292 858 1332 abiret.
938 1293 1111 1333 Aderant
1151 1302 1190 1333 et
1230 1293 1270 1332 in
1308 1293 1472 1333 cauitate
1523 1291 1702 1333 vrethrae

382 1354 423 1395 in
468 1355 731 1396 semicanalem
773 1356 944 1396 exsec‘tae
982 1356 1163 1411 paruulae
1211 1366 1370 1410 cryptae
1388 1389 1399 1410 ,
1433 1369 1529 1411 quae
1577 1357 1700 1410 digito

381 1418 577 1472 supposito
609 1419 754 1475 preffae
788 1421 1029 1473 apparebant,
1062 1420 1124 1461 sed
1156 1421 1325 1461 tantillae
1344 1453 1355 1473 ,
1396 1431 1440 1461 vt
1475 1420 1602 1475 pie'tor
1635 1420 1703 1461 has

382 1485 602 1536 exprimere
644 1484 856 1525 commode
891 1497 972 1524 non
1003 1485 1183 1538 potuerit.

522 1547 658 1599 Patet,
692 1549 731 1586 ni
763 1546 872 1587 fidior
890 1580 900 1599 ‚
935 1560 987 1587 ex
1020 1547 1092 1587 hac
1126 1548 1378 1601 destriptione
1396 1581 1407 1601 ,
1440 1558 1563 1602 partes
1595 1548 1700 1600 genia

381 1608 475 1649 tales
516 1611 644 1650 viriles
685 1609 761 1650 effe
793 1610 976 1651 naturales
990 1611 1156 1651 internas
1175 1644 1184 1662 ‚
1220 1611 1367 1651 nechic
1386 1612 1523 1665 ahquid
1542 1612 1698 1664 culpan-

383 1673 475 1713 dum
495 1676 534 1714 in
554 1677 740 1727 externis,
755 1674 841 1726 nifi,
861 1675 962 1729 quod
972 1677 1096 1729 primo
1114 1674 1278 1715 scrotum
1294 1676 1359 1715 suo
1375 1677 1467 1716 loco
1484 1676 1523 1715 iu
1551 1675 1697 1716 burfiim

383 1748 464 1777 non
505 1738 809 1793 fuitpextensum
850 1739 896 1778 ad
944 1739 1182 1792 recipiendos
1231 1739 1341 1779 testes
1361 1771 1371 1790 ,
1428 1739 1531 1779 vnde
1573 1738 1627 1778 illi
1659 1739 1700 1779 in

385 1801 599 1854 inguinibus
618 1836 628 1855 ,
669 1803 731 1844 sub
764 1802 949 1843 strietiore
982 1812 1066 1843 cute
1084 1835 1094 1854 ,
1130 1803 1319 1842 latuerunt
1351 1811 1462 1843 extra
1494 1803 1697 1843 abdomen.

384 1865 549 1906 Secundo
568 1900 578 1919 ,
615 1867 718 1920 quod
752 1867 903 1907 vrethra
923 1899 934 1919 ,
967 1868 1013 1907 ad
1046 1876 1175 1907 ortum
1207 1865 1313 1907 suum
1347 1867 1491 1919 integra
1510 1899 1520 1918 ,
1556 1867 1600 1907 ad
1634 1867 1699 1907 de-

385 1930 531 1971 cursum
573 1931 746 1971 naturalis
765 1963 775 1983 ,
819 1940 929 1971 extra
956 1932 1178 1984 perinaeum
1214 1943 1293 1970 non
1326 1930 1379 1970 est
1404 1931 1626 1971 continuata
1657 1931 1697 1971 in

384 1995 553 2035 canalem
574 2028 584 2046 ,
619 1994 679 2035 sed
714 1995 838 2036 statim
880 2007 923 2034 ac
957 1995 1044 2034 inde
1076 1994 1293 2048 emergebat
1318 2026 1328 2045 ,
1368 1992 1612 2034 semidifl‘ec'ta
1644 1994 1700 2034 fi1-

383 2053 415 2095 it
433 2089 445 2110 ‚
497 2067 535 2097 et
585 2058 634 2099 sle
677 2058 906 2103 semicanalis
937 2059 981 2100 ad
1014 2059 1123 2113 penis
1153 2058 1296 2115 glandis
1327 2070 1514 2100 coronam
1554 2070 1699 2113 expor=

1638 2134 1697 2162 re-
