1820 2506
301 191 382 234 DE
413 182 655 233 CALORIS
687 182 767 232 ET
801 183 1062 233 FRIGORIS
1093 185 1280 232 CAVSA
1365 202 1458 240 213·

133 308 397 366 superficiebus
426 311 466 351 in
482 310 666 351 contactu
696 308 819 364 posita
849 308 960 350 iuxta
993 307 1029 348 se
1047 308 1215 351 inuicem
1239 305 1352 349 facile
1367 320 1456 350 mo-

123 376 217 416 ·veri
236 407 248 427 ,
280 374 476 417 ffirtiffima
509 375 739 416 cohaesione
758 408 770 427 ‚
812 385 886 428 qua
902 373 1125 414 vinciuntur
1142 405 1154 425 ‚
1188 371 1287 413 nihil
1304 372 1458 414 obstan-

133 447 205 492 te;
240 440 333 480 item
369 441 467 480 vitra
514 439 749 490 lenticularia
789 438 857 478 vbi
895 438 1092 492 poliuntur
1111 470 1122 489 ‚
1152 435 1298 478 formae
1336 435 1457 478 celer-

133 503 233 545 rime
266 505 304 543 in
324 516 464 556 gyrum
495 503 653 556 agitatae
687 505 738 544 ita
763 502 966 543 adhaerere
983 535 996 555 ,
1027 510 1071 542 vt
1105 513 1149 542 ea
1182 500 1384 541 secundum
1411 500 1458 541 li-

133 579 246 609 neam
281 568 399 621 plano
432 567 631 612 contactus
665 566 1018 622 perpendicularem
1049 564 1128 607 sme
1159 565 1302 606 damno
1328 578 1458 606 remo-

134 632 217 673 veri
251 640 452 685 nequeant.
518 631 588 671 His
621 631 865 671 consideratis
895 629 1094 671 clarissime
1126 630 1281 683 concipi
1314 629 1455 684 potest,

130 695 334 749 particulas
375 706 586 748 corporum
629 693 892 735 minutissimas
932 694 1040 734 iuxta
1083 693 1119 734 se
1158 694 1322 734 inuicem
1342 726 1353 745 ,
1386 706 1456 734 co-

131 759 309 800 haesione
350 757 451 799 haud
481 759 652 799 obstante
671 792 682 811 ‚
723 759 851 812 gyrari
893 756 1003 812 poffe
1021 790 1033 812 ,
1075 770 1124 798 eo
1165 757 1305 799 facilius
1324 791 1334 810 ,
1377 770 1456 811 quo

131 823 244 878 plana
283 822 485 863 contactus
523 824 570 864 ad
603 822 817 877 superficies
854 823 1017 876 integras
1056 822 1193 863 suerint
1233 823 1274 863 in
1306 822 1458 862 ratione

129 888 296 929 minore.
364 883 549 928 Ceterum
599 888 807 928 fluidorum
848 887 1049 941 particulas
1069 919 1081 938 ,
1115 899 1205 927 cum
1233 886 1459 939 plerumque

130 961 244 992 motu
278 951 459 992 intestino
491 951 727 1005 progreffiuo
745 959 980 991 moueantur
998 983 1009 1003 ,
1043 948 1272 990 cohaesione
1297 949 1351 989 nil
1368 961 1457 989 mo-

128 1025 257 1069 rante,
284 1017 401 1056 etiam
420 1016 461 1057 in
478 1028 618 1069 gyrum
636 1016 695 1069 agi
712 1013 834 1068 poffe,
867 1012 965 1054 salua
990 1014 1125 1055 eadem
1144 1046 1155 1065 ,
1190 1022 1319 1067 aperte
1336 1022 1454 1067 patet=

282 1080 316 1128 §.
358 1091 427 1128 13.
461 1080 530 1121 Ex
565 1079 637 1121 hac
669 1079 796 1120 nostra
830 1077 980 1119 theoria
1022 1078 1211 1132 sequentia
1255 1076 1459 1117 corollaria

128 1143 376 1184 deducuntur.
450 1151 491 1196 1)
525 1144 592 1184 Ad
606 1154 758 1184 motum
794 1142 965 1183 nostrum
984 1140 1220 1182 calorificum
1251 1141 1354 1181 nulla
1374 1154 1461 1181 cor-

132 1207 284 1261 puscula
317 1208 501 1248 materiae
535 1206 736 1261 sphaericis
770 1204 847 1247 effe
878 1207 1028 1260 aptiora
1047 1238 1058 1258 ‚
1093 1217 1184 1245 cum
1218 1216 1298 1244 non
1332 1204 1401 1245 nisi
1418 1205 1460 1244 in

130 1271 281 1326 punc‘to
293 1271 409 1311 vnico
426 1271 459 1311 le
474 1280 611 1312 mutuo
621 1272 845 1325 contingere
853 1269 1008 1324 possint,
1019 1269 1284 1310 etfrifflonem
1302 1269 1374 1309 vix
1392 1268 1462 1309 ali-

133 1348 250 1389 quam
283 1336 322 1374 in
357 1335 394 1375 se
428 1336 597 1376 inuicem
631 1348 826 1376 exercere.
868 1341 910 1386 2)
927 1332 1032 1374 Cum
1050 1334 1179 1374 omnis
1195 1342 1326 1373 motus
1341 1341 1462 1386 prout

135 1401 322 1452 quantitas
355 1400 502 1440 intendi
536 1408 576 1440 et
607 1401 749 1440 remitti
783 1399 896 1454 poffit
914 1432 924 1452 ,
960 1399 1063 1439 idem
1098 1411 1191 1452 ergo
1231 1397 1279 1437 de
1322 1397 1460 1437 calori-

134 1461 213 1505 fico
255 1473 369 1504 motu
404 1464 456 1504 est
497 1464 748 1505 sentiendum.
824 1464 918 1520 Quo
942 1472 1069 1503 autem
1092 1473 1223 1503 motus
1241 1461 1295 1501 est
1321 1462 1460 1513 maior,

135 1539 184 1568 eo
215 1527 373 1569 effectus
404 1528 571 1569 validior
603 1526 679 1568 effe
711 1528 854 1582 debet3
891 1527 993 1568 vnde
1026 1526 1214 1567 crescente
1249 1533 1363 1565 motu
1398 1538 1460 1565 ca-

135 1590 290 1633 lorifico
307 1626 319 1645 ‚
356 1591 432 1633 hoc
449 1593 502 1633 est
519 1625 531 1645 ,
564 1591 657 1633 acus
671 1592 825 1633 celerius
847 1592 886 1632 in
904 1603 1044 1645 gyrum
1062 1589 1255 1644 particulis
1278 1590 1460 1630 materiae

137 1656 374 1697 cohaerentis
389 1689 400 1709 ,
435 1656 606 1698 calorem
625 1657 773 1697 intendi
793 1690 803 1709 ,
819 1656 1057 1697 decrescente
1072 1654 1218 1696 remitti
1234 1651 1382 1693 neceffe
1392 1653 1462 1693 est.

140 1729 183 1770 3)
217 1718 439 1773 Corporum
455 1721 669 1762 calidorum
687 1720 883 1775 particulas
899 1719 1056 1760 celerius
1072 1719 1217 1772 gyrari,
1235 1716 1462 1770 frigidorum

137 1785 288 1824 tardius.
309 1783 355 1839 4)
386 1783 563 1838 Corpora
582 1785 703 1826 calida
719 1785 901 1825 contactu
917 1784 1142 1838 frigidorum
1161 1781 1384 1834 refrigerari,
1403 1794 1462 1822 re-

138 1848 285 1888 tardato
294 1860 364 1901 per
378 1847 489 1888 illum
522 1858 636 1889 motu
668 1848 888 1901 calorifico‚
922 1858 960 1889 et
977 1856 1112 1888 contra
1129 1845 1262 1899 frigida
1279 1844 1464 1898 calefieri,

138 1913 277 1953 eodem
310 1925 379 1966 per
410 1911 637 1953 contactum
669 1912 893 1953 accelerato.
966 1910 1009 1966 5)
1045 1911 1212 1967 Quando
1230 1910 1355 1962 itaque
1381 1922 1461 1949 ma-

139 1989 210 2016 nus
242 1975 412 2016 calorem
443 1976 552 2016 sentit
585 1977 624 2016 in
658 1976 788 2030 aliquo
820 1988 987 2030 corpore
1006 2007 1016 2027 ,
1052 1973 1257 2028 particulae
1281 1974 1460 2013 materiae

138 2040 375 2080 cohaerentis
414 2053 546 2080 manus
578 2041 618 2079 in
651 2039 878 2081 celeriorem
912 2048 1066 2080 motum
1109 2038 1347 2091 gyratorium
1389 2049 1460 2077 ex-

137 2105 331 2157 citantur3
374 2102 428 2143 sm
468 2116 564 2144 vero
594 2103 697 2144 sensu
729 2103 930 2157 frigidioris
946 2103 1126 2144 materiae
1160 2100 1325 2143 afficitur
1343 2134 1353 2153 ‚
1388 2113 1459 2154 gy-

133 2169 294 2209 ratorius
335 2167 485 2208 illarum
519 2177 646 2210 motus
678 2168 897 2211 retardatur.
1328 2166 1361 2215 ξ.
1389 2177 1457 2215 14·
