1820 2506
310 197 394 241 DE
427 193 666 241 cALoms
701 192 778 240 ET
811 189 1072 238 FRmoms
1103 190 1291 238 CAVSA
1377 206 1468 250 209

140 316 206 373 qui
236 325 392 360 remoto
424 315 527 370 foco,
561 328 610 358 eo
628 316 769 358 diutius
800 316 841 358 in
873 314 947 358 illis
978 314 1078 356 viuit
1095 347 1107 367 ,
1145 325 1225 369 quo
1249 313 1369 368 magis
1386 312 1468 356 sunt

137 381 256 423 solida
274 415 284 435 ,
318 383 370 423 ita
401 391 447 423 vt
479 383 519 423 in
551 380 737 422 rariffimo
770 379 925 424 illorum
973 381 1062 422 a'e're
1101 378 1250 420 nullum
1300 377 1469 421 sensibile

136 445 418 501 tempusculum
466 447 587 487 duret.
662 445 830 487 Accedit
870 443 1021 498 insuper
1044 477 1056 498 ,
1098 443 1203 499 quod
1235 456 1310 498 pro
1328 440 1470 485 diuersa

137 523 349 566 corporum
381 512 560 565 grauitate
593 519 707 564 atquc
746 510 888 550 duricie
933 510 1092 550 diuersus
1131 507 1438 562 deprehendatur
1453 540 1468 561 ‚,

134 576 189 616 ita
225 586 270 616 vt
303 577 379 615 eius
411 575 661 615 intensionem
696 574 860 628 ponderi
898 575 1071 628 corporis
1111 586 1200 613 cum
1226 573 1373 614 ratione
1399 584 1468 613 co-

135 639 323 681 haesionis
370 639 533 692 partium
585 637 681 677 illius
722 636 954 690 conspimnti
1006 636 1341 692 proportionalem
1390 633 1468 677 effe

135 703 374 758 experientia
390 701 582 741 edocuerit
601 734 611 753 ,
646 701 844 741 manifesto
886 701 1028 741 indicio
1048 734 1058 754 ‚
1093 700 1366 746 cohaerentem
1383 714 1466 742 ma-

133 769 267 808 teriam
298 778 510 820 corporum
545 766 746 806 materiam
781 764 918 805 caloris
953 778 1086 806 corum
1125 763 1213 806 effe.
1279 765 1466 822 Quamuis

132 841 258 873 autem
292 831 450 871 materia
478 829 687 870 cohaerens
721 829 866 883 duplex
885 830 958 880 sit,
995 830 1151 883 propria
1169 861 1180 878 ‚
1215 842 1267 870 ex
1284 843 1356 883 qua
1376 842 1466 870 cor-

130 908 201 951 pus
241 895 389 936 constat
405 928 416 947 ‚
468 903 508 935 et
546 894 744 946 peregrina
770 926 781 945 ‚
833 905 929 946 quae
963 894 1001 931 in
1038 892 1203 946 spatiolis
1237 905 1258 932 a
1306 894 1465 947 propria

129 961 288 1001 materia
320 954 449 1000 vacuis
482 956 725 1011 hospitatur3
774 968 913 999 verum
961 964 1092 996 tamen
1134 956 1317 1009 quoniam
1359 965 1466 999 vtra-

128 1038 203 1079 que
235 1037 324 1065 cum
357 1023 437 1077 ipso
470 1034 638 1076 corpore
669 1029 879 1074 mouetur,
915 1029 954 1061 et
989 1021 1028 1060 in
1061 1033 1181 1060 vnam
1213 1018 1375 1061 massam
1395 1033 1459 1062 co-

127 1089 221 1130 aluit
240 1121 250 1141 ,
285 1087 369 1129 fieri
400 1086 578 1142 profecto
612 1099 693 1126 non
727 1085 853 1139 potest
872 1118 882 1137 ‚
917 1086 1009 1138 quin
1044 1086 1200 1138 propria
1238 1086 1277 1125 in
1305 1094 1461 1127 motum

126 1152 364 1193 calorificum
392 1153 580 1203 exagitata
598 1182 609 1200 ‚
643 1151 784 1189 eodem
804 1148 917 1188 simul
932 1158 1133 1188 moueatur
1157 1151 1355 1201 peregrina
1374 1182 1385 1201 ,
1419 1159 1462 1190 et

127 1217 214 1257 vice
232 1215 355 1256 versa:
388 1212 712 1268 quemadmodum
732 1212 890 1266 spongia
918 1211 1036 1252 calida
1059 1211 1295 1265 frigidiorem
1322 1225 1459 1266 aquam

125 1281 167 1321 in
201 1293 320 1335 poros
359 1288 557 1333 receptam
598 1276 766 1318 calefacit
785 1310 795 1330 ‚
848 1285 886 1317 et
918 1275 1079 1317 vicissim
1100 1308 1111 1328 ,
1154 1275 1313 1319 calidior
1361 1289 1457 1333 aqua

124 1345 361 1399 frigidiorem
395 1343 604 1398 spongiam.

266 1409 299 1458 §.
337 1412 378 1448 6.
416 1408 577 1450 Motum
611 1406 832 1449 intestinum
866 1407 1009 1463 triplici
1041 1408 1191 1450 ratione
1225 1407 1310 1450 fieri
1344 1404 1457 1463 pofl'e

123 1473 399 1528 concipimus3
435 1473 618 1513 nimirum
658 1470 698 1528 1)
738 1473 765 1515 si
804 1473 1008 1528 particulae
1049 1474 1224 1527 corporis
1266 1473 1457 1515 insensibi-

123 1538 174 1578 les
208 1537 341 1579 locum
374 1538 563 1578 continuo
597 1545 751 1576 mutant
771 1569 782 1590 ,
815 1537 879 1577 vel
913 1542 956 1586 2)
988 1539 1028 1577 in
1063 1537 1202 1577 eodem
1235 1536 1327 1577 loco
1368 1550 1456 1591 per-

123 1602 284 1645 sistendo
318 1602 504 1642 continuo
538 1609 723 1654 gyrautur
741 1634 752 1654 ,
786 1610 851 1642 aut
881 1601 1045 1655 denique
1079 1599 1122 1657 3)
1163 1614 1234 1655 per
1265 1600 1456 1642 insensibi-

123 1667 162 1708 le
193 1666 398 1720 spatiolum
431 1665 631 1706 insensibili
663 1665 903 1720 tempusculo
936 1665 1039 1706 vitro
1065 1667 1240 1718 citroque
1266 1666 1454 1707 continuo

125 1732 323 1785 agitantur.
390 1730 562 1770 Primum
596 1742 713 1783 genus
742 1729 959 1786 progreffiui
978 1764 989 1783 ‚
1025 1729 1186 1770 alterum
1204 1729 1357 1781 tremuli,
1377 1739 1454 1770 ter-

122 1796 218 1835 tium
229 1807 259 1847 g
256 1795 417 1847 yratoriz'
450 1803 580 1834 motus
613 1795 779 1835 intestini
813 1795 975 1835 nomine
1007 1794 1218 1850 fiilutamus.
1287 1792 1451 1835 Rursum

126 1859 254 1913 itaque
286 1858 382 1897 ratio
417 1857 608 1898 reddenda
640 1859 693 1899 est
712 1892 722 1911 ,
776 1872 798 1899 a
831 1872 1003 1914 quonam
1056 1857 1216 1899 istorum
1268 1867 1450 1899 motuum

122 1922 231 1963 calor
262 1920 532 1975 proficiscatur.
600 1922 719 1978 Quod
752 1932 799 1963 vt
832 1932 1013 1977 apparea-t
1031 1955 1041 1974 ,
1078 1922 1358 1976 principiorum
1392 1922 1452 1963 lo-

124 1999 174 2027 co
204 1986 390 2039 sequentia
422 1986 600 2040 ponenda
633 1987 728 2026 sunt.
803 1990 844 2037 1)
876 1988 971 2027 Eum
1011 1994 1140 2027 motum
1172 1987 1368 2040 intestinum
1385 1997 1450 2028 ca-

122 2050 207 2092 laris
238 2045 378 2103 causam
411 2062 476 2091 non
510 2047 575 2105 effe
593 2083 604 2103 ‚
637 2051 781 2106 fiquem
822 2053 858 2092 in
891 2051 1102 2106 quibusdam
1144 2050 1346 2104 corporibus
1385 2064 1449 2092 ca-

120 2115 203 2158 lidis
268 2113 394 2155 mellum
458 2111 522 2171 effe
575 2115 699 2173 suerit
774 2115 1061 2174 demofflratum.
1141 2112 1182 2170 2)
1234 2113 1319 2159 Nec
1369 2127 1447 2156 eum

185 2178 307 2219 Tom.
343 2177 378 2220 Ι.
692 2177 736 2221 D
768 2180 794 2221 d
1318 2186 1447 2220 motum
