1820 2506
273 187 357 232 DE
389 180 635 231 C‘ALORIS
676 180 753 227 ET
784 178 1045 226 FRIG‘ORIS
1079 180 1280 227 CAVSA.
1356 196 1444 238 ²15

124 306 323 351 corollaria
362 306 576 348 eliciuntur.
635 306 685 354 1)
717 304 811 362 Quo
840 302 975 346 fortius
1005 302 1193 345 fricandae
1233 301 1449 358 superficies

122 385 337 428 corporum
376 371 460 414 AB
504 380 544 412 et
584 367 663 412 CD
695 370 1004 423 comprimuntur
1021 402 1032 421 ,
1082 380 1236 423 quoque
1295 368 1603 409 celeriusPhaenom-
1629 381 1660 406 2.

121 439 233 479 iuxta
265 438 300 478 ie
318 438 486 479 innicem
518 443 743 488 mouentur,
777 447 827 475 eo
859 433 1018 475 validius
1050 433 1251 487 particulas
1282 433 1331 474 ab
1350 442 1389 474 et
1406 432 1454 475 cd

121 502 169 543 ad
210 511 365 543 motum
383 501 638 556 *gyratorium
671 499 891 552 sollicitari,
934 511 1058 553 eoque
1090 496 1250 538 celerius
1282 510 1450 552 corpora

122 566 201 620 ipsa
232 567 467 607 incalescere.
524 570 571 615 2)
609 564 809 621 Quoniam
841 576 1052 618 corporum
1092 562 1327 617 liquidorum
1361 575 1448 617 par·
1460 557 1600 590 Phaenom.
1624 564 1660 596 δ’

122 630 261 672 ticulae
292 630 475 671 leuiffime
509 629 611 668 inter
642 629 679 669 se
712 627 924 668 cohaerent
940 661 952 681 ,
987 637 1025 668 et
1050 627 1141 668 loco
1173 624 1352 668 facillime
1385 640 1449 668 ce-

119 695 216 736 dunt
233 728 244 747 ,
269 693 476 749 particulae
492 693 612 746 igitur
642 692 693 733 ab
725 701 765 732 et
796 691 846 733 cd
857 724 869 744 ,
903 692 932 733 fi
962 690 1108 733 fuerint
1124 693 1166 732 in
1182 691 1450 747 superficiebus

122 771 336 813 corporum
367 758 600 813 liquidorum
618 790 630 810 ,
675 756 849 798 cedendo
888 756 956 798 fibi
996 757 1165 798 inuicem
1184 790 1196 810 ‚
1230 769 1320 799 eum
1360 768 1451 797 mo-

120 832 206 865 tum
224 823 465 877 gyratorium
483 823 691 875 concipere
708 830 921 876 nequeunt,
954 835 1071 876 quern
1089 821 1216 862 solidis
1233 821 1375 862 affixae
1389 833 1452 861 ac-

119 889 289 943 quirunt.
325 888 415 930 Hoc
434 895 560 928 autem
579 885 756 938 efficitur,
774 895 821 927 vt
837 898 918 926 non
934 886 1058 927 solum
1083 886 1201 925 fluida
1217 898 1288 938 per
1304 885 1454 926 stistio·

120 965 233 1004 nem,
252 965 349 1007 quae
381 952 482 993 inter
512 948 649 993 maffas
680 949 837 1004 liquoris
853 950 1032 1003 exagitati
1065 949 1240 990 exoritur
1258 981 1269 1002 ‚
1303 947 1365 989 sed
1399 961 1450 989 ne

119 1016 239 1058 solida
271 1018 428 1072 quidem
446 1049 457 1069 ,
492 1028 607 1071 quarn
647 1014 711 1055 diu
743 1013 961 1068 superficies
994 1013 1140 1068 liquido
1174 1025 1341 1069 corpore
1381 1014 1450 1055 de·

116 1080 252 1123 libutas
291 1081 463 1135 habent,
505 1092 680 1135 vnquam
718 1077 936 1120 sensibiliter
981 1077 1222 1120 incalescant.

274 1179 311 1228 §.
336 1181 403 1218 16.
440 1177 611 1233 Quando
642 1177 752 1231 virga
782 1176 902 1219 ferrea
940 1178 1117 1232 longiore
1168 1178 1320 1221 fricatur
1373 1179 1602 1225 cla-phaenom·
1626 1194 1668 1228 4.

121 1254 193 1285 uus
235 1276 247 1296 ,
319 1252 403 1283 tum
477 1240 642 1295 singulae
706 1242 913 1296 particulae
979 1243 1021 1283 in
1062 1242 1258 1297 superficie
1321 1245 1452 1299 virgae

123 1307 350 1348 constitutae
416 1307 635 1360 impingunt
683 1306 723 1346 in
774 1306 977 1360 particulas
1027 1307 1120 1348 claui
1141 1341 1152 1361 ,
1193 1308 1260 1350 fibi
1302 1309 1448 1351 obuias.

125 1371 326 1428 Quoniam
359 1380 485 1411 autem
518 1369 734 1424 superficies
768 1372 898 1424 virgae
914 1372 1048 1412 radens
1080 1373 1205 1413 maior
1239 1373 1312 1426 est,
1333 1386 1450 1427 quam

124 1435 338 1489 superficies
378 1435 477 1476 claui
504 1467 515 1488 ‚
556 1435 683 1475 maior
721 1446 817 1489 ergo
858 1436 918 1476 vis
958 1435 1230 1489 particularum
1269 1438 1454 1492 impingit

125 1501 165 1541 in
190 1498 431 1554 superficiem
474 1499 599 1551 claui,
644 1511 762 1553 quam
805 1499 1089 1554 insuperficiem
1123 1502 1285 1555 virgae3
1323 1502 1454 1542 conse-

126 1573 305 1619 quenter
328 1563 535 1617 particulae
573 1562 727 1603 clauum
768 1563 1041 1605 constituentes
1082 1564 1334 1606 crebrioribus
1368 1566 1455 1607 iffi-

127 1628 193 1669 bus
240 1628 452 1682 exagitatae
494 1628 715 1682 promptius
755 1627 794 1667 in
829 1637 980 1669 motum
1022 1631 1260 1682 gyratorium
1295 1630 1455 1671 excitari

127 1692 296 1745 debent,
339 1705 454 1747 quam
504 1691 709 1745 particulae
742 1704 795 1731 ex
831 1692 964 1746 quibus
998 1693 1106 1746 virga
1140 1694 1298 1734 constat.
1369 1694 1456 1735 Vn-

130 1756 178 1797 de
210 1769 353 1797 mirum
387 1769 468 1796 non
502 1756 555 1796 est
575 1789 585 1808 ,
620 1755 769 1797 clauum
791 1758 894 1810 prius
911 1755 1137 1797 incalescere
1156 1771 1270 1812 quam
1288 1758 1453 1813 virgam.

282 1839 317 1888 §.
340 1848 408 1888 17.
445 1838 607 1880 Ferrum
639 1838 814 1893 frigidum
848 1841 916 1882 vbi
934 1841 1148 1894 exagitatur
1163 1841 1329 1895 malleis,
1348 1855 1440 1896 prae
1466 1862 1608 1899 Phaenom.
1633 1867 1664 1907 53

129 1904 255 1946 fizrtim
288 1903 334 1944 ad
364 1902 520 1957 angulos
553 1903 724 1956 abliquos
756 1904 856 1946 illisis
875 1938 885 1958 ‚
917 1918 1003 1959 pars
1019 1902 1162 1946 massae
1194 1905 1332 1947 ferreae
1363 1907 1459 1948 mal*

134 1968 198 2009 leo
238 1969 411 2022 impetita
449 1969 551 2008 cedit
569 2001 579 2020 ,
622 1969 730 2009 iuxta
762 1968 827 2010 fibi
862 1970 1029 2010 vicinam
1049 2003 1060 2022 ,
1095 1983 1190 2024 quae
1221 1971 1342 2011 istum
1375 1983 1458 2013 non

133 2033 242 2074 sensit
260 2065 270 2084 ,
312 2031 464 2085 pellitur
482 2065 493 2085 ,
537 2040 574 2072 et
606 2044 687 2072 non
722 2032 824 2074 secus
857 2046 900 2074 ac
935 2046 1076 2088 corpus
1110 2034 1310 2076 arc‘tiffime
1351 2034 1459 2077 alteri

133 2096 331 2155 superficie
346 2105 454 2139 tenus
486 2096 720 2154 applicatum
740 2130 752 2153 ‚
787 2097 1085 2155 validissimoque
1116 2097 1367 2158 superinceffu
1401 2113 1461 2140 ra-

1344 2163 1460 2206 dente
