1820 2506
403 199 462 246 36
467 208 492 235 2
608 188 1065 236 OBSERVATIONES
1105 186 1503 234 ANATOMICAE

400 311 676 370 pericardium‚
696 324 744 352 ne
762 325 851 352 cum
868 308 938 351 illis
956 307 1170 349 concrescat
1183 341 1193 360 ,
1213 309 1392 362 quodque
1410 309 1609 364 proprium
1635 307 1713 351 hu·

399 379 550 418 midum
592 377 691 414 intra
732 375 767 415 se
806 386 1013 425 coercens,
1057 373 1202 412 aditum
1245 372 1301 413 ini
1321 406 1334 425 ‚
1373 374 1438 426 qui
1477 375 1515 413 in
1549 373 1712 427 pastore

399 440 509 493 saepe
554 439 805 490 continetur,
845 437 1000 478 humori
1043 436 1293 488 intercludit,
1333 445 1379 475 vt
1417 435 1498 475 sunt
1537 436 1712 490 {im-gnis,

398 516 497 557 pus,
539 503 651 542 ichor
670 534 681 553 ,
721 512 760 542 et
800 502 918 542 serum
960 500 1219 553 hydropicum
1240 533 1252 552 ‚
1292 509 1405 553 atque
1436 499 1489 539 ita
1523 511 1594 539 cor
1619 513 1711 541 cum

400 567 471 606 suis
522 567 613 606 vasis
662 567 700 605 in
745 578 832 606 rore
880 564 1045 605 humido
1093 563 1196 604 fouet
1213 595 1224 614 ,
1267 563 1408 603 mulcet
1425 595 1437 615 ,
1475 572 1517 602 et
1555 564 1682 604 mollit
1699 596 1713 617 ,

397 640 512 683 atque
547 630 684 670 balneo
724 629 849 669 cando
865 661 878 679 ,
910 627 1074 668 humido
1091 659 1102 678 ‚
1146 627 1442 667 concretionem
1472 638 1563 666 cum
1596 627 1716 668 corde

398 693 591 746 impedit:
634 689 714 751 {cor
762 704 783 732 a
827 692 953 733 sterno
992 700 1030 731 et
1067 690 1166 731 dorsi
1207 691 1390 731 vertebris
1431 690 1531 730 dun‘s
1570 691 1624 730 ita
1653 702 1716 731 re-

395 767 559 809 mouet,
607 767 652 797 vt
673 788 684 807 ,
737 756 832 796 dum
882 764 1094 807 mouetur,
1132 752 1230 795 haec
1272 767 1354 795 non
1398 754 1570 807 attingat.
1637 752 1716 794 Sed

393 821 573 874 inprimis
605 820 690 860 vat}
721 819 847 859 cordis
879 819 1049 860 ambiens
1067 850 1078 869 ,
1111 817 1301 858 nectendo
1332 817 1464 857 firmat
1494 818 1548 858 ita
1566 816 1716 870 suspen·

394 882 429 924 sa
450 917 462 936 ,
496 893 539 924 vt
572 882 666 924 haec
684 916 695 935 ,
729 895 852 936 neque
885 895 954 922 cor
994 881 1119 935 ipsum
1138 913 1150 933 ,
1190 881 1291 921 intra
1339 881 1589 934 pericardium
1640 892 1716 921 vn-

394 945 592 1000 dequaque
651 946 815 986 liberum
848 978 860 997 ,
917 945 1059 984 inuerti
1087 977 1099 996 ,
1155 945 1399 998 intorqueri,
1459 943 1530 984 fitu
1576 943 1717 986 mutari

395 1012 560 1050 omnino
599 1008 738 1063 possint
758 1042 772 1062 ‚
811 1018 853 1048 et
884 1017 1017 1048 tamen
1057 1007 1229 1047 actiones
1258 1007 1471 1048 Iiberrimas
1498 1018 1716 1049 exercete:

396 1072 511 1126 idque
562 1073 604 1112 in
639 1073 748 1113 omni
797 1081 911 1112 motu
950 1071 1154 1123 corporJ'S,
1193 1068 1407 1122 concufl‘u,
1437 1069 1558 1122 saltu,
1592 1071 1716 1111 inuer-

394 1135 499 1175 fione
520 1165 530 1183 ‚
564 1135 681 1188 capiti
716 1134 931 1174 insistentia.
997 1133 1036 1172 T
1038 1145 1103 1172 am
1143 1132 1245 1172 mire
1286 1134 1374 1173 ideo
1406 1133 1628 1174 fabricatum
1663 1133 1719 1175 est

392 1197 655 1252 pericatdium
677 1229 691 1250 ‚
732 1207 777 1238 vt
803 1197 886 1238 vassi
909 1196 1025 1237 corde
1058 1193 1205 1249 egress‘a
1238 1204 1417 1236 mutuent
1456 1196 1503 1236 ab
1542 1195 1622 1249 ipfit
1638 1197 1720 1238 eius

392 1264 540 1302 extima
579 1271 621 1302 et
660 1260 870 1302 tenuiffima
910 1260 1139 1301 membrana
1170 1260 1414 1314 propagines.
1446 1257 1542 1300 Sunt
1559 1259 1633 1300 hae
1655 1272 1719 1302 ar-

391 1324 512 1366 teriae
546 1325 656 1366 binae
675 1358 687 1377 ‚
719 1325 953 1379 pulmon-alis
985 1323 1128 1365 scilicet
1177 1333 1217 1364 et
1263 1333 1370 1363 aorta
1390 1356 1402 1375 ‚
1444 1335 1568 1363 venae
1602 1334 1720 1365 cauae

389 1387 525 1430 ambae
546 1422 558 1441 ‚
592 1399 630 1430 et
648 1388 928 1442 pulmonales3
961 1388 1010 1429 ab
1025 1388 1146 1429 altera
1179 1396 1290 1441 parte
1322 1386 1555 1440 pulmonum
1590 1400 1715 1429 mern·

390 1451 505 1493 brana
533 1454 681 1493 extima
708 1451 790 1493 suos
816 1452 975 1506 largitur
998 1452 1104 1506 supra
1131 1451 1271 1492 eadem
1288 1452 1377 1491 vasa
1393 1448 1614 1505 procefl‘us,
1646 1451 1717 1493 vbi

388 1514 456 1556 illa
490 1516 574 1557 sunt
606 1526 719 1556 extra
751 1516 1019 1569 pericardium‚
1053 1515 1230 1568 exceptis
1261 1515 1369 1556 venis
1400 1515 1501 1555 cauis
1519 1524 1559 1555 et
1592 1525 1712 1556 aorta.

389 1577 456 1620 Ad
477 1577 702 1620 concursum
721 1589 850 1619 autem
870 1578 978 1631 supra
996 1577 1093 1627 vasti,
1128 1591 1225 1632 quae
1242 1579 1388 1619 extima
1405 1579 1459 1619 est
1477 1577 1710 1632 pulmonum

385 1642 614 1683 membrana
634 1676 648 1694 ,
687 1654 784 1696 quae
823 1642 961 1681 intima
1002 1641 1125 1681 cordis
1176 1654 1352 1695 propago
1370 1674 1381 1692 ‚
1435 1643 1475 1682 in
1523 1641 1712 1682 ambitum

384 1708 575 1760 expansae
610 1706 745 1747 ambae
778 1706 986 1759 iunguntur
1027 1706 1128 1745 inter
1170 1705 1205 1745 se
1235 1717 1306 1758 per
1335 1705 1451 1746 telam
1491 1704 1712 1746 cellulosam

383 1770 655 1811 intermediam
676 1802 687 1823 ,
739 1779 852 1824 atque
898 1781 920 1809 a
953 1769 1047 1810 vasis
1091 1768 1304 1808 secedentes
1342 1768 1511 1808 formant
1542 1767 1712 1822 duplica-

382 1834 491 1875 tione
524 1833 673 1874 fiiccum
694 1866 706 1885 ,
755 1846 890 1874 cauum
911 1865 923 1884 ‚
965 1832 1199 1873 conoideum
1251 1844 1330 1871 non
1365 1830 1551 1884 exquisite
1570 1864 1584 1883 ‚
1623 1832 1712 1886 quia

380 1898 497 1938 festus
530 1897 823 1938 horizontaliter
862 1895 1049 1937 circulum
1084 1908 1165 1935 non
1195 1894 1283 1935 fitcit
1309 1894 1521 1949 perfeetum
1542 1928 1556 1947 „
1586 1907 1656 1935 cor
1673 1905 1711 1936 et

381 1963 458 2001 eius
492 1961 575 2002 vasa
596 1962 694 2001 intus
718 1961 924 2002 continens
946 1991 959 2012 ,
991 1960 1040 2000 ab
1072 1960 1154 1999 aliis
1185 1958 1353 2013 separans
1380 1956 1393 2012 (
1408 1956 1453 2014 ι).
1490 1956 1629 2000 Saccus
1645 1958 1712 2001 hic

1654 2035 1709 2065 ex

424 2112 467 2151 (ι)
501 2112 543 2139 De
574 2113 675 2181 0τίἓὶοε
709 2113 843 2142 b'ericardii
878 2113 932 2141 vid.
966 2111 1093 2142 differat.
1117 2112 1197 2140 nostr.
1229 2110 1263 2139 de
1288 2111 1411 2150 perspiiat
1436 2112 1591 2151 Hippocrat.
1622 2113 1655 2143 ad
1674 2113 1708 2150 §⁸

465 2160 524 2189 142
552 2160 578 2184 et
622 2162 682 2193 eqq,
