1820 2506
411 216 499 264 278
575 210 656 255 DE
691 172 908 255 misiam
939 206 1278 252 PARADoXo
1312 204 1587 265 PHYSICO,

407 334 502 373 teria
533 330 737 384 frigorifica
767 342 820 370 ex
851 328 1005 382 copiofii
1038 326 1156 379 glacie
1189 328 1344 369 contusa
1376 339 1413 369 et
1453 330 1562 369 tertia
1613 337 1722 382 parte

405 397 489 436 salis
521 397 658 436 marini
692 404 819 448 parata
852 392 1050 446 sphaeram
1086 391 1249 444 operuit.
1316 392 1402 431 Post
1435 406 1592 444 paruum
1622 405 1721 433 tem-

410 461 518 514 poris
558 458 800 498 interuallum
841 456 997 509 sphaera
1029 455 1143 495 fracta
1184 458 1223 494 iu
1266 464 1341 495 tres
1382 465 1505 508 partes
1552 455 1719 509 diffiliit,

408 536 504 576 quae
538 532 669 563 tamen
704 523 750 561 ab
784 520 960 560 inferiore
994 529 1101 572 parte
1134 519 1207 558 sese
1239 519 1521 572 contingebant.
1587 518 1722 561 Glacie

406 587 572 640 copiosis
612 585 763 626 bullulis
803 584 918 624 aereis
959 582 1130 623 distincta
1154 584 1313 635 parietes
1335 583 1500 636 partium
1535 582 1722 624 dictarum

407 649 588 704 sphaerae
623 649 778 689 obducti
815 646 1100 688 obseruabantur
1119 680 1129 699 ‚
1171 656 1210 686 et
1254 646 1431 687 rcraffities
1470 646 1601 698 glaciei
1641 656 1721 687 erat

406 713 524 755 ferme
557 720 573 765 »Ξ
607 714 772 767 partium
806 712 929 765 digiti.
966 710 1093 751 Phiala
1126 719 1163 750 et
1194 710 1304 750 tubus
1335 711 1478 750 vitreus
1509 711 1547 748 in
1574 709 1722 750 frustula

406 790 524 832 parua
566 777 793 818 diffilierant.
858 776 1028 828 Vtraque
1061 784 1191 815 tamen
1224 775 1444 814 extremitas
1481 773 1559 812 tubi
1578 806 1588 825 ‚
1631 787 1721 814 cum

405 842 459 881 ibi
495 841 668 882 finiretur
686 874 696 893 ,
731 841 797 881 vbi
831 839 966 893 glacies
999 839 1158 891 parietes
1190 838 1363 889 obduxit,
1398 851 1486 878 cum
1518 837 1636 889 glacie
1655 851 1722 878 co-

405 905 562 944 aluerat.
628 905 785 946 Interna
818 901 1030 956 superficies
1062 901 1304 941 frustulorum
1339 901 1417 941 tubi
1460 901 1574 941 vitrei
1612 901 1722 942 fracti

405 968 447 1007 in
482 967 565 1021 ipso
607 970 752 1008 vertice
793 968 908 1007 etiam
948 965 1227 1006 Terebinthina
1260 964 1431 1005 colorata
1464 974 1502 1005 et
1533 967 1723 1007 mercurio

405 1032 594 1072 maculata
626 1031 902 1072 obseruabatur.

553 1097 586 1143 ξ.
613 1106 652 1144 5.
696 1094 808 1135 Dum
851 1095 971 1135 celeb.
1012 1095 1130 1136 Hales
1169 1094 1246 1134 hoc
1287 1094 1588 1146 phaenomenon
1627 1109 1722 1137 con-

405 1159 613 1212 templatur
630 1191 640 1210 ,
692 1166 826 1211 putat,
878 1156 968 1197 hinc
1010 1157 1190 1196 concludi
1231 1155 1339 1209 posse
1381 1169 1507 1197 aerem
1548 1160 1588 1198 in
1628 1161 1724 1200 tubo

402 1223 531 1263 vitreo
563 1222 613 1263 sic
645 1217 909 1275 compressum
949 1219 1056 1261 fuiffe
1075 1253 1085 1272 ,
1133 1228 1179 1260 vt
1227 1218 1375 1272 spiritus
1422 1219 1723 1263 Terebinthinae

404 1295 554 1327 tantum
589 1298 669 1327 non
712 1285 834 1339 ipsum
868 1285 948 1325 tubi
981 1285 1170 1324 verticem
1203 1284 1387 1336 attingere
1403 1283 1586 1325 debuerit.
1652 1286 1724 1328 Pet

402 1352 634 1391 mercurium
679 1351 783 1391 enim
831 1348 896 1390 vel
942 1349 1085 1389 vitrum
1128 1360 1257 1388 aerem
1298 1346 1464 1388 translffe
1495 1358 1534 1388 et
1564 1350 1600 1390 se
1634 1363 1724 1392 cum

401 1428 498 1469 aqua
532 1413 718 1455 miscuiffe
760 1413 994 1468 impossibile
1027 1413 1176 1453 iudicat.
1244 1411 1300 1451 Vt
1331 1424 1428 1452 vero
1462 1412 1726 1455 condensatio-

401 1492 493 1519 nem
529 1479 732 1531 definiret,
767 1478 956 1532 inquifiuit
989 1479 1028 1517 in
1047 1476 1312 1517 cohaesionem
1331 1475 1444 1530 ferri,
1479 1491 1590 1531 quam
1609 1491 1726 1532 aquae

401 1542 617 1596 gelascentis
652 1541 830 1596 preffioni
870 1542 911 1580 in
943 1541 1150 1581 seetionem
1189 1541 1403 1593 capacitatis
1435 1540 1610 1594 sphaerae
1641 1555 1725 1582 ma-

401 1607 551 1647 ximam
595 1607 817 1647 circularem
860 1613 901 1644 et
934 1603 1031 1644 hanc
1067 1604 1162 1644 aeris
1204 1604 1244 1642 in
1278 1603 1370 1643 tubo
1403 1604 1534 1645 inclusi
1566 1605 1726 1647 elastici-

401 1672 470 1710 tati
514 1670 709 1724 aequalem
743 1668 866 1723 posuit
886 1701 896 1719 ,
939 1677 978 1708 et
1011 1668 1101 1708 hinc
1135 1667 1314 1715 deduxit,
1362 1679 1490 1708 aerem
1525 1670 1564 1708 in
1604 1677 1722 1719 1837

399 1734 612 1774 voluminis
628 1744 776 1788 partem
795 1733 971 1773 coactum
988 1729 1104 1772 fuiffe.
1140 1731 1242 1772 Hinc
1260 1731 1328 1771 cel.
1341 1730 1665 1774 Musschenbroek
1684 1735 1724 1775 in

402 1798 515 1839 elem.
544 1798 656 1850 Phys.
678 1800 824 1848 §.794
848 1796 1064 1850 sequentem
1091 1795 1260 1849 legitime
1284 1795 1390 1834 elicit
1418 1796 1722 1839 conclusionem:

399 1865 453 1904 ita
480 1875 547 1903 aer
561 1860 686 1917 sitisset
709 1861 809 1917 duplo
831 1861 968 1917 deifior
983 1872 1090 1915 quam
1107 1871 1225 1914 aqua,
1245 1866 1279 1899 et
1295 1858 1416 1910 vltra,
1445 1859 1619 1915 adeoque,
1645 1875 1725 1903 cum

398 1923 686 1982 incondeiffabilis
703 1927 759 1982 stt
778 1959 788 1977 ,
818 1923 1025 1981 partIculae
1057 1936 1181 1965 aerem
1199 1929 1436 1978 componentes
1455 1956 1465 1974 ‚
1498 1932 1602 1966 erunt
1613 1933 1726 1982 pror-

385 1987 450 2042 βω
491 1987 654 2045 diuersae
686 1989 842 2040 indolis,
875 2001 982 2044 quam
1015 2000 1185 2043 aqueac3
1229 1989 1452 2041 caeteroquin
1491 1990 1584 2029 enim
1625 1991 1724 2032 modo

396 2056 434 2094 in
470 2054 629 2093 volumen
673 2063 754 2097 800
798 2056 912 2094 minus
940 2054 1087 2094 circiter
1127 2052 1310 2105 comprimi
1340 2049 1522 2106 potuiffi'nt
1540 2085 1550 2104 ‚
1583 2060 1722 2108 tumque

398 2118 555 2160 eiusdem
581 2119 769 2175 derfitatis
795 2131 842 2159 ac
860 2129 958 2172 aqua
976 2149 987 2170 ,
1021 2116 1162 2160 viribus
1198 2115 1378 2171 quibusvis
1413 2118 1722 2172 comprimentibus

1657 2195 1723 2228 re-
