1820 2506
919 59 1100 120 ΧΗ(Υ

446 176 601 233 Operae
636 188 727 230 ergo
761 176 925 230 pretium
960 177 1080 217 visum
1122 175 1174 217 est
1193 208 1204 229 ‚
1237 175 1424 230 praeclara
1454 176 1547 218 haec
1573 177 1643 218 sta-

336 250 418 284 tuta
457 253 565 284 antea
606 253 805 295 exponere
831 274 841 293 ‚
884 254 997 294 quarn
1047 241 1094 280 de
1137 250 1367 294 argumento
1416 241 1649 283 dissertatio-

335 319 431 348 num
449 303 506 347 'in
546 306 667 350 Nouis
698 305 1047 347 Commentariorum
1081 305 1200 346 tomis
1239 304 1471 357 digestorum
1494 339 1504 359 ‚
1537 306 1647 347 fufius

333 372 454 414 verba
495 370 688 411 faciamus.

450 434 580 476 Paucis
596 444 727 474 tamen
744 442 854 473 antea
871 432 995 472 1εᾶοΥ
1010 431 1226 472 monendus
1243 431 1310 481 est,
1330 444 1464 473 omnes
1482 430 1650 474 differta-

334 499 481 552 tiones,
522 511 618 553 quae
634 498 682 538 ad
702 497 965 551 praecedentes
983 493 1364 536 Commentariorum
1383 505 1511 536 tomos
1528 509 1647 551 vsque

334 563 383 603 ad
402 575 541 602 annum
569 559 889 603 MDCCXLVI.
917 559 1085 614 spee'tant
1104 593 1115 612 ‚
1154 560 1230 598 iam
1250 559 1313 599 sub
1344 561 1453 613 prelo
1485 560 1613 600 sudare
1638 592 1651 613 ,

336 634 376 666 et
395 625 470 666 illis
499 626 724 665 coronidem
743 623 982 677 imposituras
1000 623 1075 663 effe
1098 638 1108 663 ;
1142 622 1246 663 hunc
1265 632 1394 663 autem
1430 632 1467 662 et
1499 623 1653 676 sequen·

335 697 394 730 tes*
427 699 558 730 tomos
589 691 776 731 Nouorum
808 686 1157 729 Commentariorum
1191 688 1350 726 nomine
1380 686 1467 726 ideo
1494 688 1626 726 venire
1645 719 1656 740 ‚

337 754 425 807 quia
441 753 655 794 Academia
688 764 786 792 nunc
818 752 927 791 nouis
960 751 1100 803 legibus
1132 750 1308 790 instruera
1342 749 1396 789 est
1416 783 1427 801 ‚
1460 760 1498 789 et
1528 749 1660 790 claffes

336 816 404 857 hic
434 817 563 868 aliter,
603 829 647 856 ac
666 816 707 856 in
741 815 1048 868 praecedentibus
1066 815 1183 854 tomis
1200 813 1282 853 fieri
1300 814 1440 854 solebat
1458 845 1468 865 ,
1503 813 1653 867 disposi-

337 888 401 921 tae
433 881 688 921 inueniuntur.
753 877 908 919 Scilicet
938 891 1039 918 noua
1057 878 1152 917 haec
1169 877 1368 919 volumina
1388 908 1400 928 ‚
1444 877 1656 917 mathema-

340 943 606 999 tico-phyficis
638 942 950 984 meditationibus
968 975 979 993 ,
1015 940 1182 992 exclusis,
1216 954 1309 994 quae
1344 941 1389 980 ad
1419 939 1570 981 claffem
1596 941 1658 981 hi-

341 1008 521 1049 storicam
571 1008 767 1061 pertinent
787 1038 800 1059 ‚
855 1005 1174 1058 disquisitionibus
1193 1037 1203 1056 ,
1237 1004 1474 1058 potissimum
1535 1006 1660 1044 dicat-„1

340 1073 439 1113 sunt.
505 1072 608 1113 Hinc
659 1070 776 1111 classis
826 1071 949 1122 prima
998 1069 1137 1109 horum
1188 1069 1373 1110 Nonarum
1425 1066 1657 1109 Commenta-

342 1139 483 1178 riorum
502 1169 513 1189 ,
564 1147 662 1188 quae
710 1132 904 1189 Mathcfin
938 1134 1093 1186 proprie
1127 1132 1327 1186 spec‘tmit,
1368 1131 1656 1189 compiec'fitur3

344 1199 464 1239 altera
517 1197 659 1253 phystco
690 1222 706 1228 -
723 1194 985 1238 mathematica
1021 1229 1031 1247 ,
1089 1209 1185 1249 quae
1235 1197 1282 1234 ad
1337 1195 1537 1246 Phyfieam
1587 1208 1659 1234 ex-

345 1261 645 1318 perimentalem
701 1270 738 1300 et
787 1259 1063 1301 Mechanicum
1121 1260 1312 1311 pertinent
1343 1287 1362 1309 ,ι
1403 1257 1658 1310 comprehcn-

345 1327 435 1379 dit3
472 1325 583 1365 tertia
610 1322 764 1379 plvssca
784 1356 794 1375 ,
828 1322 1091 1373 anatomicas,
1135 1322 1332 1361 botanicas
1378 1331 1416 1360 et
1469 1320 1662 1362 chemicas

347 1389 513 1430 exhibet
555 1385 832 1427 differtationes
858 1419 869 1437 ‚
921 1395 958 1425 et
1016 1395 1143 1439 quarta
1204 1384 1367 1437 denique
1413 1384 1662 1438 astronomica,

349 1465 447 1507 quae
499 1452 550 1492 ob
582 1453 768 1491 rationem
801 1463 886 1503 pag.
924 1452 1025 1499 466.
1064 1447 1185 1488 Tom.
1223 1446 1257 1487 I.
1294 1446 1456 1488 Comm.
1495 1440 1663 1501 allatum,

349 1518 396 1557 ad
430 1516 550 1557 finem
582 1516 761 1568 cuiusque
800 1514 923 1553 Tomi
965 1514 1150 1554 Nouormn
1201 1512 1548 1552 Colmnentariormn
1600 1525 1659 1552 re-

350 1580 529 1631 ficietur,
573 1578 852 1620 obstem-itiones
895 1575 1133 1630 potiffimum
1175 1575 1264 1616 sistit
1306 1576 1590 1615 astronomicas.

470 1643 558 1685 Nec
600 1642 749 1682 silentio
791 1641 1105 1694 praetereundum
1154 1640 1235 1690 est,
1285 1639 1520 1679 recensiones
1562 1638 1627 1678 has
1649 1673 1659 1691 ‚

352 1721 449 1763 quae
489 1708 587 1747 forte
618 1705 809 1745 nonnullis
857 1704 954 1744 iusto
996 1704 1185 1756 longiores
1220 1703 1446 1742 videbuntur
1465 1736 1476 1753 ,
1520 1703 1664 1755 indige-

353 1786 489 1814 narum
531 1771 637 1812 huius
677 1767 835 1822 Imperii
876 1765 998 1809 caussa
1044 1766 1279 1820 potiffirnum
1331 1767 1435 1820 typis
1468 1767 1664 1806 mundatas

356 1836 429 1877 effe
449 1870 462 1887 ,
519 1846 565 1876 vt
610 1846 660 1876 eo
708 1832 841 1873 melius
894 1830 1079 1884 intelligat
1141 1828 1367 1884 proficiendi
1426 1829 1662 1882 cupidiffima

355 1899 483 1941 Natio
501 1934 509 1950 ,
545 1900 635 1953 quid
667 1894 965 1938 differtationum
1000 1893 1135 1934 harum
1169 1894 1340 1935 auc'tores
1373 1894 1418 1934 ad
1447 1895 1662 1933 incremen-

356 1974 442 2006 tum
473 1965 710 2005 scientiarum
744 1959 916 2003 conferre
947 1959 1168 2000 studuerint,

1579 2019 1663 2063 IN-
