1820 2506
738 126 772 186 ³(
808 140 861 170 21
901 126 932 187 )(

167 241 235 286 vel
263 242 499 286 inuentionem
532 239 731 285 machinae
748 275 760 295 ,
793 242 860 284 vel
887 241 1058 284 nodorum
1086 239 1210 299 paullo
1251 241 1491 295 difficiliorum

154 307 368 367 solutionem
389 341 400 360 ,
434 308 500 349 vel
529 309 696 349 notitiam
727 317 852 349 rerum
885 319 981 363 quae
1015 307 1080 349 vel
1112 308 1169 348 ad
1197 306 1489 362 Geographiam,

167 372 235 417 vel
264 373 320 414 ad
348 373 668 426 Namjg'ationcm,
706 371 772 412 vel
800 371 1001 414 Botanicen
1018 404 1029 424 ,
1064 372 1127 414 vel
1162 369 1198 413 C
1200 370 1360 413 hcmiam
1398 380 1487 426 per-

165 437 317 491 tinent3
351 437 504 491 denique
524 438 564 494 fi
595 449 672 492 qua
688 438 768 493 fint
799 435 881 478 alia
900 469 911 489 ,
961 448 1056 492 quae
1104 436 1169 477 vel
1197 439 1486 489 maritimarum,

165 501 234 542 vel
259 513 383 542 rerum
416 503 651 547 vrbanarum
669 501 834 543 tribunal
849 502 1021 555 requirat
1041 535 1052 554 ,
1087 508 1154 542 aut
1171 513 1267 555 quae
1284 500 1393 542 rebus
1410 514 1485 541 me-

164 564 301 607 tallicis
319 598 330 617 ,
365 572 431 606 aut
448 562 594 619 salibus
607 596 618 616 ‚
650 571 720 605 aut
751 564 1003 617 agriculturae
1022 598 1032 618 ,
1066 573 1132 607 aut
1148 565 1234 606 aliis
1264 564 1372 606 rebus
1396 572 1485 618 per-

148 629 327 680 ficiendis
359 629 594 682 conducant3
630 642 678 670 ea
711 627 862 682 Praeses
896 630 1042 671 curabit
1083 632 1205 671 omnia
1227 661 1237 681 ‚
1280 629 1487 671 Academi-

161 706 285 735 corum
317 705 368 734 ex
400 706 547 734 numero
569 694 649 747 fine
680 705 785 734 mora
817 693 1024 748 destinando
1042 694 1174 735 talibus
1216 695 1366 746 negotiis
1400 706 1484 734 ma·

161 759 263 800 xime
303 757 476 810 idoneos,
519 759 584 813 qui
627 758 773 813 quidem
816 759 985 814 indejeljo
1012 759 1133 813 studio
1174 759 1275 814 operi
1324 759 1455 801 intenti
1475 792 1484 810 ‚

160 823 338 878 quicquid
369 823 624 881 praestiterint
645 856 655 874 ‚
684 823 948 865 Cancellariae
981 823 1223 864 indicabunt:
1266 824 1333 878 Ast
1379 823 1486 863 san-

159 886 314 929 cellaria
334 919 345 939 ‚
379 899 482 928 more
514 889 611 928 inter
641 887 849 929 tribunalia
881 895 1026 942 recepto
1040 919 1051 939 ‚
1083 899 1220 928 omnem
1257 899 1337 927 cum
1392 886 1453 928 i.'lo
1473 918 1485 938 ‚

157 954 220 994 cui
250 959 366 1007 opera
397 952 703 993 Academicorum
739 947 822 1006 risus
844 952 972 1009 juerit
993 983 1005 1003 ‚
1044 951 1221 994 tribunali
1260 963 1339 991 rem
1390 964 1488 992 com-

157 1016 368 1058 municabit.
438 1013 552 1056 Porro
585 1028 823 1071 quaecunque
847 1016 1055 1071 praeclara
1083 1049 1093 1068 ,
1128 1016 1306 1056 ornandis
1338 1014 1400 1056 vel
1432 1018 1485 1057 ci-

156 1081 295 1122 vilibus
314 1113 325 1133 ‚
364 1078 433 1120 vel
470 1081 578 1122 rebus
619 1081 848 1123 militaribus
890 1081 1185 1133 excogitauerint
1229 1080 1482 1133 Academici,

158 1158 206 1187 ea
243 1144 409 1200 Praefidi
442 1147 610 1200 aperient
631 1179 641 1197 ,
675 1152 743 1186 aut
775 1158 882 1200 quum
914 1147 946 1186 is
981 1145 1171 1201 abfuerit,
1208 1143 1482 1197 cancellariae,

155 1221 253 1265 quae
287 1209 430 1263 quidem
465 1209 564 1250 nulla
597 1210 817 1267 interpofita
849 1222 956 1252 mora
975 1243 987 1264 ,
1018 1222 1086 1266 quo
1118 1211 1252 1253 debent
1269 1209 1362 1262 loco,
1395 1208 1480 1250 red-

158 1273 277 1316 denda
307 1286 354 1315 ea
385 1274 546 1317 curabit.

785 1355 861 1396 35·

271 1442 406 1485 Euenit
458 1439 639 1485 interdum
661 1471 674 1491 ,
723 1447 771 1481 vt
816 1448 974 1496 peregre
1025 1436 1255 1497 arceffendus
1307 1441 1484 1485 videatur

153 1506 258 1553 homo
301 1508 435 1564 aliquis
453 1541 465 1560 ,
506 1509 569 1562 qui
609 1507 724 1548 certis
767 1507 918 1559 negotiis
960 1504 1025 1546 vel
1052 1508 1099 1549 jn
1143 1506 1321 1548 tribunali
1359 1521 1484 1550 rerum

151 1576 449 1624 maritimarum,
480 1571 548 1613 vel
587 1569 679 1612 alisl1i
715 1570 979 1626 praeficiatur.
1042 1570 1168 1630 Quem
1205 1571 1248 1626 st
1298 1571 1482 1627 arccffant

152 1640 223 1695 ipsi
241 1672 252 1691 ,
289 1637 490 1694 periculum
525 1634 572 1688 est
607 1647 651 1676 ne
672 1635 831 1691 fugiant
851 1668 862 1686 ,
895 1642 940 1676 vt
973 1636 1079 1676 aiunt
1108 1667 1120 1687 ,
1149 1642 1310 1691 praeter
1342 1634 1481 1691 casam.

151 1703 286 1745 Petent
317 1715 401 1757 ergo
433 1703 506 1743 rite
539 1706 575 1742 et
605 1711 702 1740 more
734 1700 876 1741 tradito
901 1700 950 1742 ab
968 1700 1200 1742 Academiae
1222 1698 1480 1756 cancellaria,

151 1779 250 1822 quae
271 1800 282 1818 ,
304 1768 344 1824 fl
372 1766 516 1823 praesto
535 1764 592 1821 fit
626 1764 799 1818 indigena
819 1796 831 1816 ‚
866 1778 946 1806 eum
977 1765 1104 1806 tradet
1126 1779 1136 1818 ·‚
1159 1766 1222 1820 fin
1240 1767 1355 1806 minus
1374 1799 1384 1816 ,
1418 1778 1477 1807 re·

151 1832 243 1873 eiius
277 1831 388 1873 talem
422 1829 604 1872 hominem
638 1831 805 1872 euocabit
840 1825 931 1884 ipsa.
1000 1829 1120 1870 Huius
1152 1831 1282 1870 etenim
1299 1827 1475 1884 estse-ire,

151 1896 282 1950 quibus
323 1909 371 1939 ex
412 1894 499 1939 locis
538 1894 654 1939 idonci
692 1895 802 1937 rebus
833 1894 1015 1949 gerendis
1056 1892 1217 1936 homines
1258 1896 1375 1936 acciri
1415 1895 1477 1936 de·
1541 1893 1547 1898 “

150 1960 274 2003 beant.

739 2099 763 2128 c
798 2100 822 2139 3
1239 2086 1473 2130 ALTERA
