1820 2506
893 146 926 199 )(
959 159 1020 199 44
1056 147 1091 198 )(

352 267 418 303 ves
447 259 648 302 nonsolum
681 258 757 302 hoc
789 259 911 302 modo
944 258 1220 301 Bernoulliano
1252 257 1416 314 propelli
1450 270 1530 301 non
1564 260 1641 315 pos
1645 285 1652 292 -

350 325 387 366 ie
404 359 415 378 ,
450 325 512 365 sed
545 338 785 380 quascunque
816 325 904 366 alias
935 325 1233 366 machinationes
1251 354 1262 374 ,
1295 336 1391 377 quae
1410 333 1525 369 ,totae
1564 323 1653 365 naui

352 388 423 431 slnt
468 389 627 430 inclusae
656 422 667 442 ‚
723 389 890 443 nullique
946 388 1141 442 principio
1191 396 1354 426 externo
1396 388 1608 428 innituntur
1641 420 1654 441 ,

346 465 466 507 aeque
497 451 575 493 effe
608 452 755 493 inutiles
772 485 782 505 ,
817 463 940 505 neque
973 451 1126 491 nauibus
1165 450 1288 491 vllum
1321 460 1475 491 motum
1512 451 1650 507 impsi-

346 529 455 557 mere
486 517 627 557 valere.

466 589 680 645 Quomodo
719 586 882 627 stabilito
914 585 992 627 hoc
1039 586 1230 640 principio
1271 585 1510 639 problemata
1528 618 1538 638 ‚
1577 584 1652 628 huc

345 653 578 708 pertinentia
597 685 609 704 ,
640 649 763 691 solutu
803 649 920 704 longe
952 649 1199 701 difficillima,
1231 648 1323 689 solui
1355 648 1537 703 poffmt§.
1577 659 1648 698 23.

344 716 511 759 ostendit
529 748 540 769 ,
574 715 652 756 hoc
669 712 881 756 firmissime
913 713 1164 765 affirmando,
1198 713 1236 753 in
1277 725 1501 767 quocunque
1540 713 1621 754 casu
1639 746 1651 766 ,

343 780 552 835 perfectam
587 778 737 832 semper
766 779 866 818 inter
905 778 1007 818 vires
1038 789 1176 817 nauem
1207 777 1462 830 propellentes
1482 809 1492 828 ,
1527 786 1565 817 et
1591 790 1652 818 eas

342 857 440 898 quae
471 845 512 884 in
545 843 744 898 regionem
778 842 996 897 oppositam
1016 840 1196 883 effectum
1214 850 1372 881 exerant
1391 873 1402 894 ‚
1420 840 1501 881 fore
1516 853 1652 895 aequa-

340 906 501 950 litatem.
812 963 829 967 ψ

459 982 577 1026 Cuius
624 980 806 1038 principii
845 982 1036 1024 rationem
1071 982 1106 1031 §.
1145 993 1216 1032 24.
1251 979 1355 1034 seqq.
1398 979 1542 1034 affert3
1577 991 1650 1034 qua

339 1048 538 1090 occasione
568 1045 821 1089 memorabile
851 1048 1079 1100 paradoxon
1111 1044 1377 1087 mechanicum
1404 1043 1588 1098 proponit
1614 1043 1650 1092 ς.

340 1117 413 1152 26.
453 1113 586 1168 „quod
617 1111 755 1152 scilicet
785 1109 912 1152 frictio
946 1110 1023 1165 ipfii
1056 1119 1183 1151 motus
1215 1109 1424 1162 cuiuspiam
1452 1107 1556 1148 causa
1576 1105 1652 1146 effe

338 1177 510 1231 „poss1t,
544 1177 598 1217 ita
629 1184 676 1216 vt
707 1174 886 1216 frictione
919 1174 1058 1216 fiiblata
1090 1174 1209 1216 nullus
1241 1172 1356 1227 plane
1385 1180 1515 1213 motus
1546 1170 1651 1212 secu-

337 1248 468 1294 „turus
506 1240 593 1292 sit.„

450 1336 557 1377 Haec
597 1335 693 1375 dum
734 1333 771 1382 ς.
804 1341 874 1381 27.
901 1331 1139 1386 sequentibus
1164 1331 1210 1372 ad
1253 1329 1500 1372 resistentiam
1533 1341 1652 1384 aquae

333 1399 500 1453 applicat
517 1427 528 1449 7
564 1398 721 1439 dubium
754 1396 858 1450 quod
890 1407 942 1435 ex
974 1408 1018 1435 ea
1052 1396 1143 1435 oriri
1177 1392 1304 1448 posset
1325 1427 1335 1447 ,
1369 1393 1479 1434 soluit
1510 1404 1549 1434 et
1565 1403 1646 1435 tan-

331 1463 426 1503 dem
457 1462 652 1504 concludit
672 1493 682 1513 ,
715 1459 821 1500 nullo
855 1459 978 1500 modo
1011 1459 1099 1499 naui
1134 1458 1181 1499 ab
1220 1458 1413 1511 hucusque
1455 1457 1650 1512 descriptis

332 1525 506 1580 pendulis
535 1526 769 1567 celeritatem
809 1523 1044 1566 constantem
1094 1521 1306 1564 antrorsum
1348 1521 1534 1564 directam
1574 1524 1650 1565 im-

329 1591 451 1645 primi
484 1588 608 1645 poffe.

329 1732 374 1771 G.
402 1733 462 1768 W.
490 1732 711 1772 KRAFFTII
746 1730 1059 1770 DIQSERTATIO
1100 1728 1427 1768 GEOMETRICA
1451 1728 1514 1767 DE
1538 1728 1649 1767 PRO.

353 1783 656 1822 BLEMATIBVS
683 1782 906 1870 Αῌὲὥὲἒ
926 1781 1231 1869 {g{151}{gl{R
1259 1779 1492 1819 ANALYSIN
1506 1780 1624 1817 CON-

422 1923 614 1971 larissimus
653 1927 926 1970 dissertationis
956 1927 1068 1968 huius
1109 1926 1241 1967 auctor
1273 1924 1381 1966 viam
1414 1922 1645 1965 monstratu-

452 2007 514 2036 rus
531 2027 542 2047 ,
576 1995 777 2047 quomodo
794 1993 900 2033 varia
930 1991 1162 2045 problemata
1194 1990 1328 2030 conica
1360 2000 1431 2043 per
1462 1987 1645 2038 Analyfin

325 2058 515 2101 concinne
553 2056 648 2100 solui
685 2056 829 2115 poffint
848 2089 860 2112 ,
902 2053 1106 2113 praemiffis
1143 2053 1259 2096 tribus
1307 2051 1607 2095 theorematibus
1631 2083 1643 2103 ,

1563 2114 1645 2158 duo
