1820 2506
898 128 929 189 )(
962 137 1016 183 58
1053 129 1086 189 )<

345 243 477 301 paucis
511 256 735 300 exponere
755 278 766 298 ‚
816 259 910 299 quae
952 246 1189 300 potissimum
1227 255 1279 284 ex
1326 245 1652 287 obseruationibus

345 310 416 350 suis
456 310 555 350 circa
598 319 759 363 quatuor
802 310 980 350 cadauera
1019 309 1228 350 foeminina
1247 340 1258 360 ,
1299 310 1464 351 mulieris
1506 310 1651 364 septem

348 375 491 415 menses
531 375 768 427 praegnantis
787 406 797 425 ,
839 373 995 414 duarum
1029 373 1241 413 vetularum
1261 380 1300 412 et
1331 373 1486 426 virginis
1502 373 1655 414 theatro

346 438 582 480 Anatomico
616 450 719 477 anno
743 440 871 486 1746.
894 436 1006 476 illatis
1024 468 1035 488 ,
1070 435 1288 489 praesertim
1307 445 1431 476 autem
1450 439 1549 478 circa
1567 447 1654 478 vte-

349 515 433 543 rum
466 510 734 556 praegnantem
768 500 941 539 institutis
961 532 972 552 ,
1007 500 1209 540 deduxerit
1241 499 1440 540 corollaria
1460 533 1471 551 ,
1504 513 1599 554 quae
1625 500 1653 542 fi

348 579 429 606 non
447 577 547 605 noua
565 566 696 605 omnia
714 563 941 604 videbuntur
959 597 970 616 ,
1009 563 1132 618 aliqua
1147 574 1275 604 tamen
1292 577 1382 604 cum
1402 562 1470 603 le
1484 564 1656 605 Auctore

349 630 536 684 speramus
566 628 646 668 fore
666 661 677 680 ,
715 639 809 681 quae
842 627 889 667 ad
922 627 1032 668 huius
1063 629 1178 682 partis
1196 627 1391 668 historiam
1418 626 1657 681 amplifican-

347 694 433 734 dam
466 702 503 732 et
533 691 805 746 perficiendam
839 694 961 732 facere
993 701 1205 745 poterunt:
1237 692 1300 732 sed
1334 691 1379 732 ad
1399 691 1654 745 propositum.

465 756 498 803 ξ.
548 769 583 794 1.
630 764 668 795 et
713 767 752 793 2.
798 753 860 795 Cl.
904 756 1055 797 Auctor
1095 756 1292 796 discrimen
1326 755 1424 794 inter
1459 764 1656 795 tumorem

348 820 447 861 circa
481 829 727 872 praegnantes
760 828 799 859 et
833 819 1099 860 anafarcodem
1131 828 1195 860 aut
1223 819 1414 859 asciticum
1446 830 1533 859 eum
1552 819 1592 859 in
1609 818 1657 859 fi-

348 896 441 923 nem
475 883 625 923 adducit
642 915 652 934 ,
688 883 772 935 quia
805 884 964 926 cautelas
982 883 1162 937 quasdam
1179 884 1338 936 suggerit
1358 915 1369 935 ‚
1403 895 1497 936 quae
1515 884 1554 922 in
1572 895 1659 924 mu-

348 946 511 987 herculis
530 959 623 987 vere
639 959 688 985 an
718 945 810 986 falso
842 947 1029 1000 grauidis,
1062 959 1114 987 ex
1146 947 1228 987 solo
1260 946 1391 986 habitu
1421 956 1584 986 externo
1602 946 1659 986 di-

349 1011 556 1052 iudicandis
573 1043 585 1063 ,
619 1010 795 1050 obscurae
826 1012 937 1064 saepe
970 1012 1038 1063 rei,
1070 1012 1199 1052 lumen
1232 1010 1451 1064 adspergere
1488 1008 1656 1064 possunt.

466 1074 500 1122 ξ.
538 1089 583 1125 4.
615 1073 799 1115 Mentem
831 1074 932 1115 suam
965 1076 1013 1116 de
1046 1075 1300 1129 disputatione
1332 1086 1427 1128 quae
1460 1074 1559 1114 inter
1601 1087 1661 1114 ar-

349 1140 395 1179 tis
435 1139 699 1178 obstetricandi
741 1139 941 1191 magistros
978 1139 1083 1192 viget
1100 1172 1111 1191 ,
1153 1140 1253 1179 circa
1301 1138 1659 1178 determinationem

351 1201 596 1244 crassitudinis
628 1203 729 1241 vteri
763 1203 1003 1254 grauidarum
1037 1204 1160 1256 aperit
1189 1211 1230 1241 et
1261 1201 1532 1254 phaenomena
1573 1213 1594 1241 a
1625 1199 1660 1240 se

350 1266 545 1307 obstruata
577 1266 697 1318 magis
728 1265 853 1306 fauere
884 1267 1000 1306 docet
1032 1265 1239 1307 sententiae
1268 1264 1421 1306 illorum
1440 1296 1453 1318 ,
1486 1265 1551 1320 qui
1576 1273 1659 1305 vte-

349 1343 435 1371 rum
467 1330 671 1382 grauidum
706 1330 889 1369 attenuari
921 1329 1139 1382 perhibent.

466 1393 587 1433 Porro
639 1401 792 1432 veretur
811 1425 823 1445 ,
871 1405 922 1433 ne
974 1393 1039 1447 qui
1087 1405 1109 1433 a
1147 1391 1376 1434 Mauricello
1409 1389 1657 1443 dissentiunt5

352 1458 459 1500 causa
489 1456 549 1497 sua
583 1456 732 1496 cadant.

466 1521 500 1570 ξ.
540 1530 581 1568 7.
616 1518 779 1573 Docet,
810 1518 970 1561 difficile
1003 1520 1176 1573 indagatu
1208 1517 1285 1560 effe
1304 1553 1314 1571 ,
1347 1532 1394 1560 an
1428 1519 1659 1559 vteriinter‘

349 1597 399 1627 na
444 1586 581 1626 cauitas
620 1584 798 1636 singulari
836 1585 962 1624 tunica
1000 1585 1219 1625 inuestiatur
1238 1617 1248 1636 ,
1289 1584 1562 1625 obseruationes
1594 1595 1659 1622 au-

352 1659 432 1691 tem
463 1650 542 1690 suas
574 1649 693 1703 magis
726 1648 880 1690 illorum
910 1648 1111 1689 sententiae
1149 1647 1273 1689 fiiuere
1292 1679 1305 1700 ,
1345 1649 1410 1702 qui
1449 1647 1554 1688 illam
1594 1658 1661 1687 ne—

352 1723 454 1768 gant.

472 1778 505 1826 §.
545 1791 585 1827 9.
621 1777 838 1833 Quomodo
868 1776 1005 1817 cauit-as
1044 1778 1144 1817 vteri
1184 1775 1425 1830 praegnantis
1463 1783 1504 1815 et
1544 1774 1662 1826 virgi-

354 1842 417 1882 nei
452 1843 550 1882 inter
583 1840 619 1881 se
649 1842 823 1881 differant
862 1840 1058 1894 explicat,
1102 1841 1279 1895 huncque
1320 1851 1397 1880 non
1439 1839 1514 1879 dici
1555 1837 1658 1890 poste

357 1918 574 1945 concauum
605 1905 629 1944 s.
663 1906 703 1944 in
736 1918 785 1945 eo
818 1906 1016 1946 cauitatem
1052 1904 1218 1959 aliquam
1249 1903 1442 1957 spatiosam
1467 1936 1477 1954 ,
1512 1901 1660 1954 laquea-

355 1977 435 2009 tam
460 1999 470 2017 ,
512 1969 738 2022 turgidulam
780 1982 860 2009 non
902 1967 976 2009 effe
1011 1968 1234 2022 fingendam
1263 2000 1273 2019 ,
1315 1968 1499 2021 quoniam
1540 1966 1659 2019 paries

357 2033 433 2074 eius
466 2033 635 2074 anterior
669 2042 707 2073 et
738 2033 925 2088 posterior
957 2033 1025 2074 fibi
1060 2045 1127 2073 ceu
1154 2032 1316 2088 planum
1350 2030 1470 2087 piano
1508 2041 1659 2071 accum-

1569 2094 1660 2134 bunt
