1820 2506
378 187 400 214 1
411 186 466 226 50
533 172 995 220 OBSERVATIONES
1012 175 1066 218 M
1069 171 1548 223 ETEOROLOGICAE

373 295 451 335 ruit
483 293 582 334 coeli
614 293 845 348 deflagratio.
912 292 1128 337 Nouembris
1166 305 1219 333 1-0
1239 325 1251 347 ‚
1284 295 1400 335 rursus
1433 295 1533 336 inter
1549 293 1680 348 nubes,

374 358 450 398 visti
476 357 574 398 mihi
599 357 668 398 fuit
693 358 890 399 clarissime
920 357 991 398 lux
1022 357 1185 398 borealis
1202 390 1213 410 ,
1245 357 1376 398 ludens
1407 359 1681 414 septentriones

372 422 499 462 versus
523 422 645 475 globis
662 422 796 462 lucidis
813 454 825 474 ‚
861 431 900 461 et
915 421 1057 474 saepius
1073 421 1309 462 transuerfim
1326 423 1455 462 motis.
1521 422 1677 467 Nouem-

372 483 450 526 bris
485 498 540 525 20
575 486 713 525 iteriun
745 486 918 538 apparuit
950 484 1021 524 lux
1053 485 1213 525 borealis
1244 485 1370 525 lucida
1387 517 1399 537 ,
1440 486 1592 527 humilis
1642 494 1681 527 et

371 549 582 603 tranquilla.
650 546 725 589 Sed
760 548 975 590 Decembris
1009 557 1035 597 7
1071 548 1142 589 alia
1161 582 1171 602 ,
1205 547 1333 589 diffusa
1373 557 1411 589 et
1454 549 1680 604 coruscans;

372 625 487 666 qnam
521 621 690 666 apertam
722 610 844 652 secuta
874 611 958 652 sunt
989 612 1147 666 vestigia
1178 622 1324 653 tantum
1357 612 1478 667 aliqua
1519 613 1580 653 die
1625 620 1678 656 18

373 676 619 729 Decembri53
655 684 693 715 et
725 687 882 729 quarum
913 676 1089 717 omnium
1122 688 1258 730 agmen
1291 675 1392 730 quasi
1424 675 1553 717 clausit
1592 675 1683 717 vlti-

371 751 466 792 ma,
500 740 562 780 die
598 751 655 790 24
687 737 945 792 Decembris,
980 752 1076 793 quae
1109 740 1205 781 hora
1238 745 1284 789 7}
1313 753 1353 793 p.
1390 752 1445 780 m.
1488 741 1588 780 inter
1625 749 1683 780 te-

370 812 452 842 tues
486 802 688 843 nubeculas
706 835 717 854 ,
750 803 1025 855 septentriones
1056 803 1182 844 versus
1215 804 1353 857 pofitas
1372 836 1382 856 ‚
1415 805 1565 857 magnis
1598 802 1682 844 illu-

367 867 641 907 minationibus
671 876 799 920 aperte
833 867 868 907 se
900 867 1081 921 prodidit.

506 930 540 978 §.
583 941 621 979 5.
659 930 898 983 Appendicis
934 930 1024 970 loco
1057 931 1377 971 commemorabo
1410 930 1474 972 hic
1506 931 1682 986 phaeno-

367 1004 527 1034 menum
547 1027 557 1044 ‚
592 994 695 1047 quod
727 993 878 1034 summo
910 994 991 1034 iure
1023 992 1098 1034 huc
1130 994 1257 1034 referri
1289 1004 1458 1036 meretur
1490 1004 1602 1049 atque
1619 1009 1682 1036 ac-

365 1057 510 1097 censeri
542 1059 718 1098 maxime
750 1057 1073 1098 memorabilibus.
1139 1058 1384 1112 Excerptum
1418 1059 1510 1099 illud
1543 1059 1596 1100 est
1630 1070 1684 1100 ex

366 1119 465 1160 libro
498 1120 656 1173 illustri,
692 1119 843 1162 Rustica
875 1121 1001 1172 lingua
1034 1122 1249 1173 conscripto
1269 1154 1280 1173 ,
1314 1123 1417 1162 cuius
1450 1124 1489 1162 in
1509 1124 1679 1175 linguam

366 1181 639 1224 Germanicam
672 1183 770 1223 verfi
804 1183 931 1223 titulus
964 1183 1015 1223 est
1035 1216 1045 1235 ‚
1075 1179 1293 1238 Gcfihichte
1324 1182 1682 1240 desOfinaimisthen

365 1246 524 1288 Reii-hes
542 1279 553 1299 ,
587 1247 704 1289 durch
738 1248 908 1288 Demetr.
944 1247 1140 1288 Cantemir
1156 1280 1169 1300 ‚
1201 1247 1238 1287 F
1239 1246 1360 1302 ursten
1394 1248 1463 1288 der
1507 1249 1560 1290 M
1561 1249 1677 1289 oldau.

364 1308 413 1351 In
448 1310 559 1351 huius
589 1311 684 1352 folio
720 1314 837 1362 364,
869 1311 932 1351 sub
964 1311 1164 1351 Osmanno
1196 1310 1251 1352 ΙΙ.
1289 1312 1322 1360 §.
1344 1321 1367 1359 3
1390 1345 1401 1364 ‚
1435 1311 1607 1365 leguntur
1624 1314 1680 1352 se-

365 1376 518 1428 quentia
552 1377 699 1415 verba:
723 1372 792 1428 sub
823 1376 972 1429 imperio
1005 1373 1109 1417 huius
1136 1376 1374 1430 Imperatoris
1390 1378 1563 1431 apparuit
1582 1376 1680 1418 Con-

352 1438 582 1495 stantinopoli
624 1436 772 1494 insolens
810 1446 999 1480 meteorum
1019 1472 1029 1490 ,
1068 1439 1172 1493 quale
1205 1451 1385 1494 nunquam
1423 1446 1534 1481 antea
1566 1436 1680 1495 visum

351 1503 434 1560 suit
455 1536 465 1554 ,
516 1513 625 1556 neque
666 1499 799 1559 ¹fossam
850 1514 1010 1557 vnquam
1060 1499 1189 1557 ‘visura
1229 1503 1276 1559 cst
1298 1498 1509 1558 subsequens
1560 1510 1679 1545 aetas.

367 1567 476 1608 Anno
514 1578 628 1616 1029
647 1599 660 1619 9
701 1567 759 1608 die
796 1572 850 1609 28
884 1566 1008 1621 meifis
1041 1565 1174 1608 Rebiul
1201 1566 1344 1607 aer-wel
1357 1599 1367 1619 ,
1402 1564 1681 1622 conspiciebatur

363 1630 455 1672 coelo
477 1630 626 1683 gladius
657 1632 864 1672 incur-uatus
882 1662 893 1680 ,
927 1628 1075 1671 lanceae
1091 1629 1336 1683 longitudinem
1371 1632 1552 1685 quinquies
1574 1627 1680 1686 sum-

362 1701 441 1736 tcim
472 1695 686 1748 adaequans
704 1727 714 1747 ‚
748 1701 783 1735 et
812 1693 1036 1735 latitudinem
1070 1701 1191 1735 tenens
1232 1694 1340 1735 trium
1366 1694 1510 1748 pedum.
1585 1695 1676 1736 Por-

365 1758 553 1812 rigehatur
582 1757 672 1799 illud
709 1758 756 1799 ab
787 1759 918 1799 oriente
950 1757 1158 1798 occidentem
1191 1753 1348 1811 veisus3
1382 1757 1591 1813 apparebat
1602 1757 1676 1814 post

363 1818 522 1877 occasum
552 1816 666 1874 solis,
710 1824 744 1863 in
776 1817 954 1876 splendore
995 1820 1092 1862 claro
1113 1854 1123 1872 ,
1161 1829 1230 1876 per
1277 1820 1501 1862 interuallum
1547 1823 1679 1875 integri

362 1898 498 1927 menis.
565 1886 702 1925 Annus
735 1886 946 1937 indicatus,
981 1885 1169 1925 Turcicae
1203 1896 1308 1925 aerae
1326 1916 1337 1936 ,
1371 1885 1423 1926 est
1456 1898 1574 1925 annus
1591 1886 1678 1939 post

362 1947 558 1990 Christum
592 1959 723 1991 natum
764 1953 817 1987 16
824 1962 876 1988 2ο
898 1982 908 2000 ,
943 1948 1080 1989 mensis
1113 1958 1240 1989 autem
1275 1956 1313 1988 et
1346 1947 1425 1990 dies
1442 1949 1611 1990 indicant
1636 1950 1678 1989 in

361 2011 589 2054 calendario
620 2014 740 2053 veteri
775 2013 926 2054 Iuliano
960 2013 1064 2053 diem
1108 2024 1162 2050 22
1206 2011 1410 2052 Februarii.
1486 2013 1553 2054 Ex
1595 2013 1679 2066 qui-

355 2076 427 2120 bus
465 2076 753 2119 circmnstantiis
792 2076 1028 2119 manifestum
1070 2075 1123 2116 est
1143 2108 1154 2128 ,
1195 2074 1292 2116 nihil
1331 2074 1431 2118 aliud
1469 2073 1576 2118 fuifl‘e
1609 2076 1678 2115 de-

1592 2137 1679 2181 scri-
