1820 2506
360 198 388 225 2
398 185 450 227 86
848 174 970 224 TEN
971 176 1107 223 TAM
1107 176 1186 222 EN

356 301 436 343 ritis
482 299 530 340 ad
563 311 618 353 gr.
660 309 711 348 51
768 297 810 339 in
861 299 1026 352 quinque
1074 297 1222 339 circiter
1268 293 1427 340 minutis
1471 295 1607 354 primis
1638 305 1679 341 et

359 365 448 406 dein
481 364 522 403 in
556 378 581 414 9
614 365 710 405 min.
747 375 806 416 pr.
840 362 887 402 ad
919 374 976 414 gt.
1018 370 1077 411 59
1109 360 1330 403 ascendebat
1361 370 1401 402 et
1429 363 1469 404 in
1499 375 1557 401 12.
1581 364 1678 403 min.

361 441 422 483 pr.
465 427 512 467 ad
543 440 599 479 gr.
636 431 695 467 60
732 435 770 466 et
803 425 888 479 post
926 435 978 473 17
1010 426 1106 466 min.
1142 438 1203 479 pr.
1238 425 1287 465 ad
1319 436 1376 477 gr.
1409 429 1499 474 62¹3.
1566 427 1684 468 Aeris

365 490 566 532 ambientis
605 491 811 544 temperies
843 489 1005 529 interim
1037 489 1084 529 ad
1116 501 1174 542 gr.
1209 491 1266 536 63
1303 498 1471 530 creuerat
1487 522 1499 542 ,
1530 499 1576 530 vt
1591 490 1683 530 hinc

366 553 573 595 mercurius
602 554 642 594 in
675 555 776 604 aere,
808 552 912 593 cuius
944 552 1149 606 tem-peries
1163 552 1301 604 creuit,
1334 551 1589 594 nihilominus
1603 550 1684 594 des-

367 617 549 659 cenderit.
616 617 847 658 Paradoxon
887 615 953 656 tali
991 616 1141 656 ratione
1179 625 1350 669 augetur.

506 680 794 722 Immittebatur
824 678 1152 721 thennometrum
1183 681 1319 720 iterum
1354 692 1471 735 aquae
1502 689 1543 722 et
1558 680 1686 724 osten,—

368 744 483 789 debat
515 757 571 798 gr.
606 747 686 796 6οξ
705 778 716 797 ,
750 744 850 784 circa
880 756 995 798 quem
1029 744 1186 797 gradum
1219 756 1287 798 per
1318 743 1457 786 horam
1490 758 1610 786 vnam
1630 753 1687 785 at-

369 820 445 862 que
484 808 643 849 alteram
684 807 900 849 constanter
932 807 1111 848 haerebat
1152 809 1364 848 mercurius
1379 840 1391 861 ,
1421 809 1513 849 licet
1546 809 1691 849 interea

368 872 469 912 a'e'ris
506 873 710 925 temperies
750 872 796 912 ad
836 883 893 925 gr.
939 874 998 922 64
1039 868 1224 912 creuisset.
1289 870 1483 913 Extrac'to
1514 871 1690 913 thermo-

370 943 501 974 metro
544 935 661 975 etiam
702 936 743 975 in
784 935 850 974 tali
883 936 972 975 ae're
1006 933 1197 975 descendit
1228 936 1437 976 mercurius
1470 935 1585 976 tribus
1616 935 1692 976 mi-

370 998 527 1038 minutis
567 998 702 1053 primis
742 997 791 1038 ad
823 1010 880 1050 gr.
926 1008 997 1049 54,
1030 996 1162 1052 postea
1186 1010 1282 1038 vero
1318 999 1463 1053 incepit
1494 999 1692 1039 ascendere
1722 1030 1728 1034 ⁸

371 1070 411 1101 et
444 1062 484 1100 in
517 1061 662 1102 duobus
694 1061 850 1102 minutis
883 1061 1017 1114 primis
1048 1060 1253 1114 attingebat
1287 1064 1345 1116 56
1378 1075 1434 1116 gr.
1468 1063 1509 1102 in
1542 1063 1689 1112 4min.

373 1124 511 1177 primis
545 1130 601 1172 58
635 1137 693 1176 gr.
728 1124 932 1162 in6min.
968 1136 1028 1176 pr.
1064 1126 1123 1162 60
1156 1136 1212 1175 gr.
1249 1125 1334 1176 post
1369 1135 1421 1173 15
1456 1126 1553 1165 min.
1574 1126 1690 1178 prim.

372 1184 498 1226 adhuc
530 1187 632 1226 circa
666 1188 725 1225 60
761 1198 818 1239 gr.
852 1184 1030 1226 haerebat
1046 1218 1058 1240 ‚
1091 1185 1178 1239 post
1214 1189 1270 1224 26
1304 1187 1399 1228 min.
1436 1187 1560 1240 prima
1592 1188 1694 1228 cirea

373 1252 429 1288 61
468 1262 524 1303 gr.
561 1258 602 1290 et
632 1250 720 1304 post
755 1260 812 1297 30
846 1250 942 1290 min.
979 1263 1038 1304 pr.
1072 1250 1120 1289 ad
1152 1253 1210 1288 62
1247 1262 1303 1303 gr.
1339 1259 1377 1290 et
1394 1250 1480 1304 post
1516 1260 1571 1299 35
1594 1251 1692 1291 min.

373 1326 434 1368 pr.
472 1314 518 1353 ad
548 1325 604 1367 gr.
644 1317 705 1365 64
729 1323 965 1368 peruenerat.
1032 1313 1227 1355 Haetenus
1242 1316 1424 1355 attonitus
1456 1313 1691 1368 phaenome-

377 1389 459 1418 non
493 1376 571 1418 hoc
605 1378 803 1419 obseruavi
827 1387 867 1418 et
898 1386 1187 1432 quantacunque
1218 1378 1367 1418 solertia
1398 1377 1696 1433 circumstantias

375 1441 655 1495 perpenderem
675 1475 686 1495 ,
719 1442 863 1483 nullam
902 1441 1163 1495 phaenomeni
1194 1441 1339 1482 causam
1372 1442 1549 1495 detegere
1566 1441 1693 1497 potui.

375 1503 556 1545 Tandem
588 1505 723 1546 incidit
755 1506 796 1545 in
829 1514 1005 1547 mentem
1036 1515 1184 1546 mutare
1215 1506 1544 1560 experimentum.

493 1568 528 1616 §.
550 1571 594 1606 6.
629 1568 837 1622 Experim.
874 1568 926 1607 V.
963 1569 1102 1608 eodem
1136 1569 1211 1608 die.

525 1628 650 1672 Sumfi
696 1644 815 1673 manu
833 1664 844 1683 ,
887 1644 984 1686 quae
1023 1632 1167 1672 calidor
1205 1640 1286 1672 erat
1323 1645 1366 1673 ac
1399 1636 1466 1674 ae‘r
1497 1641 1538 1674 et
1569 1644 1663 1688 aqua
1681 1667 1694 1687 ‚

378 1707 516 1750 aquam
549 1696 752 1749 temperiei
783 1698 861 1746 602
895 1708 953 1748 gr.
976 1704 1014 1736 et
1031 1695 1161 1749 aspersi
1188 1694 1515 1738 thermometrum
1543 1697 1697 1750 ficcum,

380 1758 701 1813 descendebatque
735 1760 941 1800 mercurius
972 1772 994 1799 a
1027 1771 1081 1812 gr.
1117 1761 1178 1808 64
1209 1760 1255 1799 ad
1286 1772 1342 1812 gr.
1380 1763 1438 1800 60
1461 1761 1578 1801 tribus
1593 1763 1691 1801 min.

378 1835 439 1877 pr.
477 1832 516 1863 et
549 1823 686 1863 deinde
719 1835 740 1863 a
771 1835 828 1877 gr.
863 1826 921 1862 60
954 1823 1000 1863 ad
1032 1835 1088 1876 gr.
1130 1833 1186 1872 59
1227 1824 1324 1863 min.
1366 1827 1500 1877 primo
1540 1833 1694 1878 tempo-

377 1887 427 1927 ris
445 1918 456 1938 ,
489 1885 666 1927 haerebat
698 1887 798 1927 circa
835 1893 909 1936 58¹E
942 1899 1011 1940 per
1041 1887 1113 1926 tria
1145 1886 1227 1926 min
1259 1900 1318 1940 pr.
1352 1887 1490 1928 deinde
1522 1887 1695 1928 ascende-

378 1962 421 1990 re
461 1950 669 2003 incipiebat
688 1983 700 2003 ‚
741 1959 779 1990 et
819 1964 849 2001 4
888 1951 985 1991 min.
1020 1963 1080 2004 pr.
1115 1949 1237 1990 ferme
1268 1951 1472 2003 attingebat
1511 1963 1566 2004 gr.
1601 1954 1661 1991 60
1680 1983 1692 2004 ,

381 2012 469 2065 post
513 2026 541 2062 9
583 2015 668 2054 min
710 2027 770 2067 pr.
812 2017 869 2053 62
905 2027 961 2067 gr.
997 2014 1083 2068 post
1130 2026 1180 2050 12
1216 2014 1310 2054 min.
1347 2027 1406 2066 pr.
1442 2018 1500 2062 63
1536 2024 1577 2055 et
1609 2024 1692 2055 tan-

380 2074 467 2114 dem
500 2076 585 2127 post
617 2087 668 2125 17
695 2078 789 2118 min.
818 2091 877 2131 pr.
909 2078 1065 2130 gradum
1097 2079 1158 2125 64
1182 2077 1278 2115 a'e'ris
1304 2077 1513 2120 ambientis.
1551 2077 1694 2119 Bulbus

380 2138 496 2179 etiam
515 2137 804 2192 thermometri‚
823 2140 915 2181 dum
941 2139 1158 2194 tangebam,
1176 2138 1290 2181 siccus
1307 2149 1399 2182 erat.
1590 2142 1625 2191 ς.
1646 2150 1689 2190 7.
