1820 2506
643 178 785 244 *³4⁴³*
825 194 853 223 0
888 176 1030 242 ’θὶὲἕὲᾲ
1392 186 1475 232 267

246 302 361 364 DE
403 299 656 363 MOTV
697 297 925 361 AERIS
965 295 1047 358 IN
1087 291 1397 356 FODINIS

642 387 996 432 OBSERVATO.

706 479 942 518 AVCTORE

586 544 779 590 Michaele
818 540 1050 602 Lomonqsow.

259 696 323 727 um
356 695 458 725 anno
503 691 617 733 1740
653 681 875 735 Freibergae
908 680 949 721 in
982 679 1122 722 Misnia
1162 679 1341 734 degerem
1359 713 1372 734 ‚
1412 678 1483 724 vbi

290 745 479 799 Chymiae
518 756 557 786 et
588 746 642 787 rei
683 745 899 786 metallicae
932 756 1091 799 operam
1131 743 1299 799 dabamz,
1341 744 1484 786 accidit

161 812 356 866 aliquoties
397 819 441 851 vt
480 809 628 851 fodinas
668 810 831 850 inuisens
871 808 1110 849 obseruarem
1151 817 1308 849 motum
1358 808 1451 848 aeris
1467 840 1481 861 ‚

160 876 222 930 qui
253 887 324 929 per
357 884 494 930 puteos
509 907 520 927 ‚
555 873 753 915 cuniculos
786 882 825 914 et
858 869 968 914 fossas
1008 871 1169 912 latentes
1210 873 1330 912 etiam
1374 880 1481 912 tran·

159 937 378 992 quilliffimo
411 938 524 979 coelo
556 937 671 978 nullis
700 935 892 978 machinis
924 936 1181 990 pneumaticis
1213 933 1394 989 impulfils
1425 934 1479 974 ita

157 1000 341 1043 ferebatur
358 1039 370 1059 ,
404 1011 448 1042 vt
481 1001 683 1055 aliquando
716 999 911 1054 lampades
941 995 1140 1039 fossoribus
1172 998 1326 1041 vfitatas
1349 997 1478 1039 extin-

157 1076 300 1119 gueret.
367 1066 488 1108 Huius
531 1074 622 1105 tunc
664 1063 928 1119 phaenomeni
968 1063 1225 1117 proprietates
1265 1061 1350 1103 latis
1390 1074 1481 1116 per-

155 1129 297 1183 spicere
330 1142 410 1170 non
443 1129 542 1169 mihi
575 1129 680 1168 licuit
699 1161 710 1180 ‚
743 1140 832 1167 cum
866 1126 944 1166 aliis
976 1126 1084 1166 rebus
1101 1159 1112 1178 ‚
1145 1138 1242 1179 quae
1259 1126 1307 1166 ad
1324 1126 1480 1179 praxim

159 1192 393 1233 metallicam
448 1191 666 1245 spectabant
720 1199 760 1230 et
819 1190 960 1244 vbique
1014 1189 1252 1230 annotandae
1302 1201 1479 1230 occurre-

159 1255 251 1296 bant
268 1288 279 1307 ,
321 1253 440 1296 effem
473 1255 655 1295 intendus.
719 1253 870 1294 Verum
905 1252 1104 1307 postquam
1139 1253 1180 1293 in
1212 1253 1377 1308 patriam
1416 1265 1479 1294 re-

158 1319 239 1360 dux
257 1317 415 1373 Georgii
448 1318 652 1372 Agricolae
677 1317 792 1359 libros
815 1318 863 1358 de
880 1329 922 1357 re
938 1317 1129 1358 metallica
1146 1316 1379 1370 euoluerem‚
1399 1329 1482 1358 me-

159 1393 355 1424 moratum
387 1381 689 1438 phaenomenon
731 1381 905 1422 distincte
945 1381 1175 1436 descriptum
1216 1382 1358 1423 inueni.
1412 1377 1479 1437 (ἢ

160 1446 288 1488 Verba
318 1447 459 1488 laudati
491 1446 653 1488 auctoris
685 1446 780 1487 haec
828 1444 941 1486 sunt:
985 1445 1094 1498 „Aer
1134 1446 1304 1486 exterior
1343 1446 1379 1486 se
1419 1445 1480 1486 sua

160 1510 322 1565 „sponte
354 1510 476 1552 fundit
509 1512 550 1550 in
583 1523 672 1551 caua
705 1519 827 1550 terrae
847 1543 858 1562 ‚
893 1518 1005 1563 atque
1037 1522 1128 1551 cum
1162 1522 1233 1563 per
1273 1522 1316 1549 ea
1358 1521 1480 1564 pene-

161 1583 287 1629 „trare
319 1575 446 1628 potest
464 1607 476 1628 ,
508 1573 629 1615 rursus
661 1573 786 1615 euolat
819 1573 942 1614 foras:
978 1572 1041 1614 sed
1074 1572 1217 1614 diuersa
1233 1573 1382 1614 ratione
1400 1573 1480 1615 hoc

162 1637 271 1692 „fieri
302 1637 411 1679 solet.
475 1637 637 1679 Etenim
670 1638 795 1679 vernis
827 1647 866 1677 et
899 1636 1046 1678 aestiuis
1078 1636 1206 1677 diebus
1233 1637 1273 1676 in
1300 1637 1479 1679 altiorem

163 1711 346 1756 „puteum
380 1702 504 1743 influit
537 1711 577 1742 et
610 1715 681 1756 per
721 1701 937 1742 cimiculum
978 1700 1043 1741 vel
1083 1698 1217 1741 soffam
1260 1700 1445 1741 latentem
1465 1734 1477 1753 ,

163 1775 363 1819 „permeat
380 1798 390 1817 ,
423 1778 467 1805 ac
498 1778 551 1806 ex
582 1765 783 1807 humiliori
816 1764 966 1806 effluit:
1010 1764 1180 1806 similiter
1219 1764 1354 1805 iisdem
1398 1766 1480 1806 die·

164 1829 256 1882 „bus
286 1830 325 1868 in
358 1829 533 1869 altiorem
566 1830 781 1871 cuniculum
813 1829 1020 1870 infunditur
1052 1838 1090 1869 et
1122 1828 1324 1870 interiecto
1356 1840 1480 1882 puteo

166 1891 324 1945 „defluit
355 1893 393 1932 in
427 1892 675 1934 humiliorem
715 1892 934 1935 cuniculum
976 1902 1088 1947 atque
1129 1905 1180 1933 ex
1220 1905 1270 1933 eo
1311 1903 1477 1934 emanat.

165 1957 415 2009 „Autumnali
448 1967 575 1998 autem
608 1967 649 1998 et
681 1956 859 2009 hyberno
891 1967 1067 2011 tempore
1083 1957 1123 1996 in
1165 1956 1384 1997 cuniculum
1415 1957 1480 1998 vel

166 2030 356 2073 „puteum
388 2019 635 2062 humiliorem
668 2022 783 2062 intrat
816 2030 855 2060 et
889 2033 941 2061 ex
984 2021 1111 2061 altiori
1152 2021 1249 2061 exit.
1325 2021 1475 2062 Verum

790 2083 824 2125 L
843 2085 856 2124 l
878 2097 900 2122 2
1406 2097 1478 2138 „ea

212 2173 254 2211 (Ὅ
277 2176 338 2205 Lib.
362 2181 391 2214 5.
416 2183 474 2214 pag.
498 2174 549 2208 82.
