1820 2506
140 171 293 237 QVAE
325 173 469 218 POST
500 169 813 216 MISCELAM
838 170 874 213 F
877 169 954 211 LV
954 168 1198 214 IDORVM
1240 171 1306 209 ἐν
1359 176 1442 222 τός

141 296 313 338 stendere
345 291 456 349 poffe
490 293 556 335 vel
588 293 784 344 minorem
815 291 880 332 vel
896 291 1099 343 maiorem,
1133 298 1252 342 prout
1279 305 1301 327 is
1335 291 1456 330 {ismaro

139 360 373 404 sustentatur.

257 428 307 475 6(
346 423 484 476 Figura
517 424 633 464 etiarn
667 421 762 464 vafis
781 455 792 475 ,
827 423 868 465 in
901 433 980 476 quo
1013 419 1060 461 fit
1092 418 1245 461 miscela
1276 422 1374 459 vaſs
1402 433 1456 455 1

137 490 196 531 nis
236 487 340 530 causa
381 486 458 527 effe
492 487 650 542 porest,
700 487 728 528 fi
769 486 961 527 orificium
1002 485 1054 526 est
1095 483 1309 538 angustius,
1353 496 1458 523 cusaiv

137 554 263 596 minus
287 554 367 593 cito
399 553 555 592 caeteris
588 552 737 605 paribus
770 551 945 605 aufiigere
985 550 1110 590 debet.
1177 546 1219 589 Si
1244 547 1458 601 superficies

138 617 192 658 est
251 618 375 658 maior
424 618 519 669 resp.
573 612 714 656 mais-ae
765 614 904 655 fluidae
962 612 1237 655 examinandae
1270 645 1282 665 ‚
1348 613 1458 652 citius

139 681 302 735 dissipari
327 678 439 720 debet
474 678 579 719 calor
611 679 768 719 caeteris
801 679 965 732 paribus.
1030 674 1072 719 Si
1104 689 1170 718 vas
1204 677 1244 716 in
1275 689 1353 730 quo
1372 672 1460 716 mis-

138 745 220 786 cela
271 744 316 785 fit
358 742 411 783 est
453 742 692 797 sphaericum
708 738 763 782 'et
797 742 991 783 orificium
1024 742 1119 783 vasis
1152 750 1336 795 quantum
1372 738 1459 794 pos-

137 809 242 851 sibile
283 807 481 862 angustum
516 807 719 849 tardiffime
769 807 875 848 calor
925 805 1101 860 aufugere
1148 805 1262 846 debet
1303 804 1460 846 caeteris

136 871 298 928 paribus:
366 873 525 926 Figurae
558 885 651 926 ergo
685 871 779 912 vasis
812 872 931 912 etiam
964 871 1064 910 ratio
1095 870 1204 909 venit
1236 868 1423 909 habenda.

256 943 309 990 7)
345 935 524 977 Densitas
556 936 711 977 tandem
745 935 934 989 parietum
968 933 1064 974 vasis
1097 932 1352 973 variationem
1371 930 1459 972 effi-

136 1013 225 1042 cere
256 1002 395 1055 potest‚
429 1001 543 1052 dum,
578 1012 657 1054 quo
691 999 863 1040 densiora
894 997 978 1038 sunt
993 1009 1159 1051 corpora
1177 1008 1225 1037 eo
1243 997 1357 1037 citius
1374 1009 1459 1037 cae-

137 1066 227 1106 teris
260 1066 411 1119 paribus
445 1063 643 1105 conferant
678 1064 725 1105 ad
757 1062 1011 1116 refrigeranda
1045 1062 1114 1102 alia
1145 1072 1322 1114 corpora.

261 1136 308 1182 8)
340 1128 446 1170 Cum
479 1129 635 1169 tandem
670 1127 941 1168 thermometri
974 1126 1087 1180 ipsius
1110 1126 1298 1179 capacitas
1333 1124 1463 1166 calore

140 1201 297 1246 augetur
315 1226 327 1246 ,
377 1194 470 1234 dum
521 1193 668 1232 vitrum
719 1191 950 1245 expanditur
984 1227 996 1246 ‚
1043 1188 1250 1230 mercurius
1299 1198 1464 1242 propter

139 1255 264 1297 hocce
290 1257 506 1311 capacitatis
539 1256 820 1296 incrementum
855 1254 1075 1295 destendere
1116 1253 1233 1293 debet·
1262 1262 1302 1292 et
1335 1252 1364 1293 fi
1381 1252 1463 1293 hoc

138 1333 220 1360 non
254 1319 388 1373 fieret,
423 1321 532 1360 altius
562 1319 782 1360 eleuaretur.
833 1319 880 1360 In
914 1318 1032 1371 gradu
1066 1316 1202 1358 caloris
1234 1315 1462 1370 suptuagesi-

140 1397 209 1425 mo
234 1384 396 1425 secundo
412 1384 481 1424 sec.
506 1381 994 1424 MuffchenbroekiiEffai.
1030 1382 1079 1422 de
1111 1379 1221 1432 Phys.
1261 1378 1324 1435 (p.
1346 1384 1461 1432 469)

139 1447 300 1489 fluidum
320 1448 586 1489 thermometri
604 1448 746 1488 lineam
765 1460 883 1488 vnam
900 1455 1062 1501 propter
1077 1445 1342 1486 dilatationem
1370 1445 1464 1486 vitri

138 1511 354 1565 depreffum
370 1513 451 1553 fuit.
519 1513 640 1553 Huius
673 1521 804 1552 tamen
827 1512 882 1551 rei
898 1511 986 1551 ideo
1010 1510 1182 1550 habenda
1198 1521 1279 1548 non
1305 1508 1462 1550 videtur

138 1577 256 1629 ratio,
276 1577 363 1630 quia
396 1576 568 1617 dilatatio
595 1576 687 1616 vitri
705 1576 745 1615 in
763 1575 896 1615 eadem
929 1573 1080 1615 ratione
1113 1573 1233 1614 ferme
1265 1572 1311 1613 fit
1329 1573 1369 1612 in
1386 1586 1461 1626 qua

141 1638 187 1680 fit
212 1640 396 1694 expansio
430 1640 618 1682 Mercurii
652 1640 692 1680 in
715 1639 1011 1680 thermometro.
1064 1636 1106 1679 Si
1129 1648 1260 1678 tamen
1294 1637 1341 1676 de
1375 1649 1460 1677 vno

142 1713 181 1743 et
222 1704 340 1744 altero
381 1706 495 1758 gradu
538 1707 664 1745 sermo
716 1703 770 1744 est
796 1736 807 1755 ,
842 1716 921 1743 non
967 1702 1102 1742 iniuria
1143 1701 1331 1755 quaeritur
1349 1732 1360 1751 ,
1410 1714 1459 1741 an

142 1767 314 1808 dilatatio
355 1768 449 1808 haec
497 1769 541 1809 sit
583 1768 699 1823 plane
756 1764 1071 1808 contemnenda?
1133 1778 1224 1805 cum
1282 1764 1460 1804 nondum

143 1841 319 1871 accurato
370 1832 549 1872 examine
600 1832 748 1872 constet
766 1865 778 1884 ‚
832 1830 1069 1872 exactissime
1128 1831 1169 1869 in
1207 1829 1357 1869 ratione
1400 1829 1460 1870 di-

142 1893 332 1935 latationis
381 1896 473 1936 vitri
507 1896 783 1949 expansionem
815 1895 1004 1936 Mercurii
1036 1893 1134 1934 fieri.

295 1960 327 2006 §.
355 1970 420 2006 13.
459 1960 522 2000 En
559 1972 674 2013 quam
715 1958 861 1999 multae
902 1958 1074 1999 cautelae
1108 1956 1343 1998 adhibendae
1375 1959 1461 1999 sunt

143 2021 183 2061 in
218 2023 495 2075 experimentis
529 2023 628 2064 hisce
669 2025 740 2064 rite
775 2023 981 2076 capiendis.
1050 2022 1290 2075 Exemplum
1326 2022 1388 2063 hic
1422 2025 1460 2062 se

144 2085 254 2128 nobis
295 2086 410 2130 offert
451 2087 594 2144 insigne
612 2120 624 2142 ‚
674 2087 946 2130 abstraffiories
986 2087 1276 2131 mathematicas
1315 2087 1358 2129 in
1399 2100 1461 2127 re«

747 2152 853 2202 Xa
966 2181 969 2183 -
1391 2151 1464 2193 bus
