1820 2506
400 193 492 237 2⁵4
899 182 1270 232 DissERArTro

394 314 485 343 cum
515 301 758 346 haerentibus
789 304 890 346 inter
928 304 1074 347 metalli
1114 305 1315 360 particulas
1354 307 1466 359 aereis
1506 307 1707 349 moleculis

394 378 682 409 coaceruentur.

532 431 565 479 §.
616 444 684 482 24.
739 435 809 475 His
859 434 910 475 ita
960 433 1186 487 comparatis
1237 432 1327 487 quid
1374 431 1474 488 sequi
1539 437 1700 490 debeat,

387 489 531 534 {acilius
565 496 724 550 perspici
758 498 884 551 potest
902 531 913 550 ‚
946 497 974 538 fi
1007 499 1111 552 prius
1142 498 1354 551 proprietas
1384 496 1447 536 illa
1480 500 1590 552 aeris,
1608 513 1705 554 quae

388 555 553 610 superius
594 556 674 616 (*)
713 561 926 614 explicatur
944 594 955 614 ‚
996 573 1165 616 quaeque
1199 575 1219 601 a
1253 560 1362 600 nobis
1394 562 1453 602 vis
1483 564 1581 603 aeris
1613 560 1703 618 elas-

386 620 463 662 tica
493 631 627 664 renata
658 624 853 677 solutatur‚
890 626 930 666 in
959 635 1134 666 mentem
1166 629 1380 665 reuocetur.

534 688 568 736 §.
609 699 682 738 25.
718 688 919 730 Nimirum
953 690 1045 730 aeris
1076 688 1219 729 indoles
1250 700 1295 728 ea
1327 689 1382 730 est
1400 722 1411 741 ‚
1444 698 1489 729 vt
1523 690 1703 743 quamdiu

383 751 594 805 particulae
627 753 704 793 eius
736 753 1003 794 minutiffimae
1039 767 1060 794 a
1093 762 1231 793 mutuo
1263 753 1444 794 commeta
1477 752 1702 796 semotaeet

382 814 576 867 particulis
619 816 776 857 alicuius
814 818 991 872 corporis
1034 815 1212 856 densioris
1251 816 1472 857 interclusae
1512 816 1672 858 haerent
1689 852 1701 871 ,

380 877 484 917 nulla
519 879 594 919 fere
626 881 669 919 vi
702 880 849 931 elastica
880 880 1062 934 pollent3
1098 880 1246 920 Verum
1279 878 1377 921 hisce
1410 881 1619 922 carceribus
1652 882 1701 923 li-

380 939 531 982 beratae
549 974 560 994 ,
594 942 722 997 suique
756 945 845 984 iuris
873 943 992 984 factae
1025 954 1065 984 et
1097 944 1144 984 ad
1173 952 1351 985 mutuum
1377 944 1600 986 contactum
1634 947 1700 987 ad=

378 1001 511 1045 missae
544 1015 769 1049 emortuum
803 1008 902 1062 quasi
934 1008 1113 1048 elaterem
1156 1018 1381 1060 recuperant
1399 1041 1410 1060 ,
1452 1021 1618 1063 eumque
1659 1011 1699 1050 in

376 1067 563 1110 obstantia
612 1083 777 1125 corpora
815 1081 1009 1112 exercent.
1075 1072 1193 1127 Quod
1246 1071 1374 1113 multis
1423 1074 1698 1126 experimentis

374 1130 592 1172 clariffimus
641 1134 811 1175 Halesius
861 1134 1129 1175 euideutiffime
1179 1133 1344 1175 ostendit
1365 1167 1375 1186 ,
1418 1145 1455 1174 et
1506 1149 1575 1176 nos
1615 1149 1696 1178 non

373 1205 495 1248 pauca
526 1196 567 1236 in
599 1198 764 1238 eundem
805 1195 924 1238 finem
964 1197 1189 1238 instituimus
1209 1229 1220 1248 ,
1260 1208 1311 1237 ex
1359 1196 1495 1250 quibus
1543 1199 1696 1252 sequens

373 1261 685 1312 experimentum
728 1261 775 1301 ad
809 1260 1047 1315 propositam
1080 1260 1248 1301 nostram
1281 1260 1474 1302 theoriam
1526 1263 1695 1303 conden-

371 1321 464 1363 dam
482 1337 573 1379 prae
588 1324 739 1380 reliquis
756 1326 952 1366 conuenit.
996 1324 1160 1379 Spiritus
1194 1323 1282 1364 nitri
1297 1324 1495 1366 drachmas
1534 1336 1555 1375 5
1579 1326 1697 1368 infudi

368 1387 476 1428 vitro
516 1388 609 1429 colli
648 1390 869 1443 angustioris
909 1390 1017 1443 eique
1060 1388 1198 1430 immifi
1239 1390 1347 1443 cupri
1393 1389 1589 1430 drachmas
1637 1404 1660 1429 2
1681 1424 1693 1444 ,

365 1458 409 1490 et
442 1451 567 1493 statim
601 1454 705 1495 collo
738 1455 829 1494 vitri
855 1453 1018 1495 vesicam
1056 1450 1312 1506 compressam
1331 1486 1341 1504 ,
1376 1465 1473 1506 aere,
1508 1464 1692 1507 quantum

364 1512 448 1554 fieri
491 1518 621 1569 potuit
640 1550 650 1569 ‚
694 1518 855 1571 expulso
880 1517 1039 1558 firmiter
1074 1517 1220 1569 alligaui
1240 1549 1251 1569 ‚
1285 1516 1422 1557 solutio
1457 1518 1541 1571 post
1574 1518 1691 1558 horae

363 1576 798 1635 circiter}{quadrantem
833 1579 987 1620 cessauit
1006 1613 1017 1632 ,
1052 1590 1092 1620 et
1124 1579 1246 1619 vesica
1280 1593 1366 1620 aere
1399 1592 1451 1618 ex
1470 1581 1631 1620 metallo
1649 1591 1689 1622 et

360 1639 496 1695 spiritu
529 1642 677 1696 egresso
711 1644 781 1684 fuit
814 1644 940 1684 valide
973 1644 1114 1684 inflata.
1182 1643 1313 1698 Quam
1346 1643 1546 1698 postquam
1581 1645 1690 1698 super

360 1705 508 1747 collum
534 1708 625 1747 vitri
643 1707 713 1748 filo
731 1708 915 1748 constrixi
933 1740 944 1759 ,
979 1721 1000 1748 a
1018 1710 1119 1748 vitro
1138 1709 1284 1747 remoui
1304 1740 1314 1760 ‚
1347 1719 1444 1747 vero
1483 1721 1568 1747 aere
1600 1709 1688 1762 ple-

358 1780 451 1810 nam
485 1769 562 1811 effe
594 1784 673 1812 non
708 1772 901 1812 dubitaui:
939 1785 1027 1812 nam
1062 1772 1181 1824 digito
1214 1769 1427 1824 compreffa
1459 1775 1577 1811 rursus
1611 1774 1685 1826 pri-

359 1832 497 1875 stinam
528 1835 688 1888 figuram
722 1836 964 1889 recuperabat
983 1868 993 1886 ,
1030 1845 1068 1875 et
1089 1836 1166 1875 niui
1193 1835 1349 1875 admota
1394 1834 1602 1887 flaccidior‚
1622 1849 1684 1876 ca-

357 1898 468 1938 mino
486 1908 615 1940 autem
644 1900 815 1954 apposita
833 1899 952 1939 rursus
970 1899 1117 1952 turgida
1150 1897 1247 1938 facta
1268 1898 1321 1938 est
1340 1930 1350 1949 ,
1384 1907 1423 1937 et
1458 1911 1525 1938 acu
1556 1899 1683 1952 perfo-

354 1970 435 2001 rata
468 1972 508 2004 et
540 1961 754 2017 compreffa
784 1963 948 2016 expulso
981 1976 1067 2003 aere
1101 1962 1199 2002 leuia
1233 1962 1384 2002 obiec‘ta
1417 1972 1455 2001 et
1482 1962 1680 2004 flammam

350 2025 534 2066 candelae
565 2028 741 2080 agitabat.
809 2026 1063 2068 Dimensione
1103 2025 1260 2065 sollicite
1280 2026 1446 2066 instituta
1464 2026 1678 2080 deprehen-

1639 2091 1678 2133 di

358 2167 361 2169 ,
395 2176 452 2212 β)
474 2176 624 2206 Tentamen
647 2177 762 2206 theoriae
788 2176 822 2205 de
846 2176 873 2204 vi
893 2175 957 2203 aex-is
976 2175 1085 2204 elastica.
1109 2174 1132 2210 §.
1153 2175 1208 2204 260
