1820 2506
146 195 231 239 DE
241 192 497 239 ACTIONE
505 187 949 237 MENSTRJJORVM
962 191 1359 239 CHYMJCORVM
1371 207 1395 234 2
1404 204 1426 246 ς
1436 206 1458 244 ς,

142 313 344 365 densetur,
379 313 652 367 consequenter
681 312 720 353 in
755 311 861 366 poris
895 313 1067 366 corporis
1100 310 1237 364 solidi,
1273 311 1352 352 hoc
1383 312 1437 352 est
1455 346 1466 365 ‚

144 378 284 419 metalli
318 379 429 432 ipsius
447 411 458 430 ,
511 391 533 418 a
584 378 687 418 cuius
744 375 941 431 superficie
982 378 1140 417 minutis
1181 376 1332 417 bullulis
1373 389 1466 432 pro-

143 442 227 482 filit.
980 476 985 477 2

281 507 314 555 ξ.
341 520 411 546 20.
454 504 556 547 Cum
597 519 694 546 vero
737 506 776 546 in
821 507 928 560 poris
969 506 1117 548 metalli
1151 519 1215 547 aer
1246 506 1467 548 condensari

143 581 304 624 nequeat
321 605 333 624 ,
368 571 435 611 nifi
471 570 641 610 haerenti
672 571 712 610 in
740 570 813 610 illis
846 571 924 610 aeri
957 584 1079 612 nouus
1111 571 1265 612 accedat
1283 604 1293 623 ‚
1329 572 1461 612 duran-

142 644 181 674 te
230 645 360 675 autem
409 634 625 685 solutione,
667 633 790 673 nullus
833 637 1014 676 accedere
1054 636 1178 690 potest
1196 668 1207 688 ,
1247 636 1341 689 quin
1375 648 1465 676 cum

143 699 337 739 menstruo
379 700 418 738 in
454 710 572 751 poros
611 697 842 750 ingrediatur
860 730 871 750 ‚
912 700 942 739 is
976 701 1158 740 nimirum
1192 701 1255 754 qui
1286 700 1325 740 in
1360 701 1466 753 poris

142 763 219 802 eius
252 763 483 802 continetur.
553 762 674 818 Quod
705 763 819 803 etium
853 761 1090 817 sequentibus
1121 764 1412 818 comprobatur.

287 827 322 875 §.
360 839 428 865 21.
467 826 549 866 Aer
583 838 655 880 per
686 839 804 880 poros
839 826 946 867 fluidi
978 826 1236 868 disseminatus
1261 830 1377 868 etiam
1397 841 1465 868 an-

138 890 363 944 gustiffimos
396 900 436 931 et
468 888 709 944 compressos
742 889 952 932 solidorum
985 904 1103 945 poros
1133 900 1311 944 penetrat
1328 923 1339 942 ,
1372 904 1465 944 quos

137 954 233 995 solus
268 956 474 1009 peruadere
504 955 647 1008 nequit.
717 954 837 995 Ratio
872 954 983 995 huius
1016 956 1072 994 rei
1105 967 1157 994 ex
1199 953 1349 994 theoria
1391 967 1464 994 no-

138 1019 210 1059 stra
229 1020 276 1060 de
296 1020 335 1059 vi
355 1023 447 1059 aeris
465 1018 612 1059 elastica
641 1018 674 1066 ξ.
701 1030 759 1069 24
777 1020 815 1058 et
835 1022 893 1056 26
902 1052 913 1071 ‚
932 1018 1040 1059 facile
1058 1019 1219 1072 peripici
1236 1019 1362 1072 potest
1381 1052 1392 1072 ‚
1427 1028 1467 1059 et

139 1085 276 1124 veritas
308 1084 385 1138 ipsa
419 1084 701 1138 experimentis
734 1084 780 1123 ab
814 1083 969 1124 Excell.
1015 1083 1175 1123 Wolfio
1208 1084 1309 1123 circa
1343 1095 1462 1138 poros

137 1148 283 1189 vesicae
322 1148 498 1187 institutis
531 1147 784 1198 comprobata
817 1146 986 1197 Phyficis
1020 1147 1074 1186 est
1104 1147 1310 1187 notissima.

279 1211 313 1259 §.
354 1223 422 1249 22.
459 1211 507 1251 In
540 1209 722 1263 spiritibus
749 1211 869 1251 acidis¹
890 1210 954 1250 sub
972 1223 1158 1264 campana
1183 1211 1342 1251 Antliae
1369 1224 1463 1253 con-

141 1275 295 1326 stitutis,
326 1273 507 1315 subdudto
540 1287 612 1327 per
627 1272 838 1315 suffionem
870 1287 969 1327 aere,
1003 1275 1180 1315 ebullitio
1212 1275 1339 1316 multo
1358 1275 1461 1316 diffi-

140 1339 247 1379 cilius
280 1339 467 1379 excitatur
485 1372 496 1390 ,
531 1351 645 1393 quum
677 1339 715 1379 in
750 1352 843 1393 aqua
863 1373 873 1392 ,
906 1339 1010 1379 vnde
1028 1348 1206 1393 apparet,
1241 1352 1366 1380 aerem
1387 1353 1461 1394 po-

139 1404 189 1443 ris
221 1403 415 1456 spirituum
449 1403 645 1443 acidorum
681 1402 826 1443 firmius
859 1402 1057 1444 inhaerere
1078 1437 1087 1455 ,
1121 1417 1234 1458 quam
1269 1405 1372 1457 poris
1421 1418 1461 1444 a·

140 1479 236 1520 quae
257 1500 267 1519 ,
301 1468 574 1521 cousequenter
607 1467 769 1507 eundem
806 1480 935 1508 aerem
970 1481 1088 1521 poros
1122 1480 1332 1522 corporum
1374 1467 1461 1507 soli-

138 1531 277 1571 dorum
306 1530 452 1587 facilius
486 1540 686 1585 penetrare
719 1544 808 1571 cum
844 1532 953 1572 dietis
986 1532 1174 1586 spiritibus
1208 1545 1325 1586 quam
1367 1545 1459 1573 cum

137 1607 243 1650 aqua.

278 1659 311 1708 ξ.
354 1670 423 1707 23.
462 1657 638 1715 Corpora
672 1660 788 1701 fluida
821 1659 1067 1714 homogeuea
1101 1661 1387 1714 quamprimum
1427 1659 1462 1700 se

141 1732 277 1763 mutuo
311 1726 570 1777 contingunt,
604 1725 644 1763 in
677 1738 800 1765 vnum
840 1725 1067 1775 confluunt,
1120 1735 1163 1763 vt
1211 1733 1316 1776 gutta
1343 1737 1460 1777 siquae

141 1796 286 1839 guttam
317 1800 434 1840 aquae
464 1788 621 1828 alteram
655 1789 723 1829 fibi
753 1790 950 1830 admotam
986 1788 1141 1829 affociut
1161 1821 1170 1838 ,
1213 1789 1289 1827 duo
1323 1789 1454 1840 globu-

143 1850 169 1889 li
205 1850 388 1890 Mercurii
419 1852 703 1905 quamprimum
748 1854 793 1893 ad
835 1863 1015 1893 mutuum
1057 1853 1278 1892 contactum
1325 1853 1461 1892 admit-

141 1924 299 1965 tuntur,
333 1924 490 1968 repente
526 1915 561 1954 se
594 1916 759 1956 inuicem
795 1917 1077 1971 ampledhintur
1111 1926 1147 1955 et
1165 1918 1324 1956 Vnicum
1346 1917 1462 1956 effor-

142 1989 250 2019 mant
285 1979 514 2032 globulum·⁷
551 1979 714 2019 dubitari
751 1982 862 2033 igitur
895 1976 1057 2034 nequit,
1092 1981 1181 2034 quin
1217 1982 1328 2019 eti-sm
1375 1995 1459 2033 pur

142 2042 276 2082 ticulae
311 2045 404 2081 aeris
436 2057 524 2083 cum
560 2045 687 2098 spiritu
720 2045 831 2084 acido
867 2045 904 2084 in
941 2058 1060 2098 poro&
1094 2045 1237 2084 mctalli
1268 2046 1459 2098 :icliic&:1<²‚

142 2116 180 2146 et
215 2119 283 2160 per
301 2115 377 2145 tum
411 2109 599 2148 minutam
632 2109 857 2149 diuisionem
901 2109 1081 2149 menstrui
1118 2109 1311 2148 liberiores
1343 2108 1460 2149 fidi-ae

741 2173 790 2213 Ii
820 2184 842 2221 3
1370 2186 1459 2213 cvm

681 2238 699 2247 ρ
