1820 2506
334 136 340 140 *
383 179 466 232 DE
495 176 561 224 VI
579 235 581 239 Α
596 174 769 221 AERts
803 172 1084 218 ELASTICA
1363 188 1450 227 311

126 298 225 342 ituri
257 306 294 340 et
325 297 555 354 supradictae
587 298 725 340 rationi
758 295 986 350 derogaturi.
1050 291 1129 336 Sed
1162 295 1343 349 quoniam
1376 294 1457 337 hoc

123 363 287 419 supponi
317 377 398 404 non
432 365 537 419 poffe
568 362 649 405 satis
682 371 840 417 apparet
860 394 871 414 ,
905 360 975 401 alia
1007 360 1122 414 igitur
1161 361 1263 400 ratio
1292 360 1458 401 interce-

124 429 188 470 dat
222 427 368 471 neceffe
401 429 466 470 est.
534 428 581 469 In
599 441 677 484 quo
711 437 835 477 autem
869 439 913 466 ea
946 425 1122 467 consistat
1147 434 1188 465 et
1224 425 1328 466 vnde
1360 437 1436 479 pro

122 495 253 535 veniat
268 528 278 546 ,
322 495 380 546 id,
414 494 674 544 vibrationum
711 493 909 533 varietates
950 493 1127 532 attentius
1157 489 1454 543 considerando,

124 558 288 600 inueniri
320 557 429 613 poffe
463 568 608 599 certum
646 557 840 598 habemus.

262 623 404 672 §.1:3.
447 619 680 676 Corpuscula
724 622 815 661 aeris
856 618 892 661 B
936 629 976 662 et
1017 618 1053 661 C
1087 619 1174 676 post
1209 618 1450 662 collisionem

123 686 267 741 saepius
304 688 420 728 etiam
462 699 531 740 per
571 685 728 740 spatiola
767 684 849 725 AA
883 684 1079 726 tranffilire
1098 719 1110 739 ‚
1144 683 1376 740 corpusculis
1409 684 1451 726 A

121 751 270 793 intactis
288 784 298 803 ,
341 760 379 791 et
420 750 733 804 corpusculorum
775 751 868 790 aeris
909 750 1117 791 diametros
1165 762 1215 790 eo
1255 750 1452 791 maiorem

121 815 311 857 rationem
351 814 396 856 ad
438 815 594 868 spatiola
638 815 869 855 vabrationis
909 813 1053 856 habere
1071 848 1082 867 ‚
1126 827 1205 869 quo
1236 815 1355 868 magis
1388 826 1451 855 aer

120 880 420 933 comprimitur,
464 891 585 919 nemo
627 878 829 920 dubitabit.
898 879 1020 919 Porro
1062 878 1339 918 vibrationibus
1380 890 1452 918 nu-

120 955 230 985 mero
270 943 429 985 infinitis
469 943 581 984 simul
623 942 862 983 consideratis
881 974 893 994 ,
935 942 1015 981 dari
1057 950 1214 995 oportet
1255 941 1448 982 rationem

119 1006 284 1060 aliquam
317 1009 575 1048 vibrationum
596 1039 606 1058 ,
643 1020 739 1061 quae
774 1007 815 1046 in
847 1006 1055 1060 proximos
1087 1005 1262 1059 globulos
1294 1006 1335 1046 A
1370 1005 1448 1046 im-

117 1080 250 1125 petum
292 1070 431 1113 fiiciunt
472 1072 518 1112 ad
552 1070 784 1111 vibrationes
802 1102 812 1121 ,
856 1070 990 1123 quibus
1023 1082 1093 1123 per
1126 1069 1324 1110 interstitia
1364 1069 1446 1111 AA

118 1136 262 1188 globuli
304 1146 416 1176 motu
454 1136 494 1173 in
536 1135 764 1174 remotiores
804 1132 846 1172 D
881 1134 1092 1173 incurrunt.
1161 1133 1274 1175 Illam
1318 1144 1447 1175 autem

117 1200 164 1239 ad
197 1199 295 1238 hanc
327 1199 402 1238 effe
436 1207 480 1238 vt
513 1210 719 1238 numerum
761 1196 1005 1250 globulorum
1038 1210 1239 1238 aereorum
1260 1231 1271 1250 ,
1305 1200 1369 1251 qui
1406 1199 1447 1239 in

115 1261 333 1316 superficiale
349 1262 523 1317 sphaerae
541 1295 551 1314 ,
586 1261 826 1302 semicirculo
850 1260 999 1301 AFAB
1015 1261 1221 1315 descriptae
1246 1264 1346 1302 inter
1361 1262 1448 1315 glo-

117 1327 225 1367 bulos
241 1327 279 1366 A
297 1327 481 1367 collocari
497 1324 653 1379 poffimt
672 1359 682 1377 ,
718 1327 764 1366 ad
792 1338 994 1367 numerum
1023 1326 1271 1379 globulorum
1287 1326 1326 1366 A
1344 1360 1354 1379 ,
1380 1328 1447 1380 qui

116 1391 247 1443 singuli
292 1405 313 1431 a
354 1392 389 1430 se
416 1391 581 1430 inuicem
615 1390 750 1430 distant
776 1399 922 1430 tantum
955 1400 1138 1444 quantum
1173 1404 1194 1430 a
1226 1401 1360 1431 centro
1393 1390 1441 1430 B.

116 1452 315 1495 Crescente
348 1455 527 1495 densitate
561 1455 654 1494 aeris
686 1454 831 1508 globuli
872 1455 912 1495 A
946 1455 1103 1508 propius
1136 1456 1182 1495 ad
1200 1455 1235 1495 se
1268 1456 1442 1497 inuicem

114 1520 296 1560 accedent
315 1552 325 1571 ,
379 1518 574 1558 interstitia
626 1519 728 1558 inter
762 1518 848 1558 illos
900 1519 1143 1570 decrescent,
1185 1520 1317 1559 minor
1368 1534 1441 1561 nu-

113 1596 237 1624 merus
276 1584 535 1623 vibrationum
577 1582 742 1635 globulis
780 1582 820 1622 A
862 1583 1011 1623 intactis
1053 1582 1149 1635 fiet,
1194 1593 1308 1637 atque
1342 1585 1440 1625 adeo

111 1649 207 1687 ratio
240 1648 503 1687 vibratiouum
524 1680 534 1698 ,
569 1647 700 1700 quibus
732 1660 801 1701 per
818 1647 1011 1687 interstitia
1042 1648 1122 1687 AA
1159 1647 1306 1700 globuli
1325 1648 1442 1688 trans-

113 1711 272 1752 filientes
291 1713 330 1751 in
350 1712 577 1751 remotiores
594 1709 638 1751 D
656 1712 853 1751 incurrunt
872 1744 882 1762 ,
925 1713 1053 1752 minor
1072 1712 1144 1751 erit
1176 1712 1222 1752 ad
1255 1711 1442 1753 vibratio-

114 1787 209 1825 nes,
251 1775 383 1828 quibus
416 1777 590 1826 proximi
639 1776 784 1828 globuli
833 1775 872 1816 A
904 1775 1096 1816 feriuntur.
1163 1776 1267 1816 Hinc
1302 1777 1439 1817 maiori

112 1837 343 1891 frequentiae
394 1839 539 1878 ictuum
590 1852 610 1878 a
651 1841 793 1880 minori
842 1841 1014 1881 distantia
1055 1839 1301 1894 globulorum
1344 1842 1438 1881 aeris

114 1900 282 1956 profecta
322 1902 390 1950 (ξ.
432 1901 534 1957 11.)
576 1903 613 1942 id
645 1916 797 1957 quoque
839 1906 1024 1957 accedet,
1069 1914 1115 1945 vt
1148 1915 1309 1958 propter
1342 1918 1438 1945 con-

112 1966 228 2007 trac‘ta
276 1967 474 2007 intersticia
515 1967 595 2008 ΑΑ
630 1968 730 2006 inter
751 1970 957 2021 proximos
1007 1970 1100 2008 aeris
1141 1969 1319 2022 globulos
1362 1969 1436 2009 fre-

113 2031 332 2086 quentiores
372 2045 524 2085 quoque
566 2031 753 2086 impastus
790 2031 886 2073 fient
927 2035 967 2075 in
1000 2033 1101 2088 ipsos
1118 2067 1130 2088 ‚
1172 2043 1211 2075 et
1242 2033 1320 2075 hoc
1353 2034 1438 2087 ipso

1349 2098 1439 2140 resi-
