1820 2506
346 207 441 263 234
664 206 991 254 ΤΕΝΊΑΜΕΝ
1024 205 1343 254 THEORIAM

339 332 433 387 quin
466 330 609 372 oriatur
640 328 739 369 inter
772 330 855 370 illas
887 329 1014 370 frietio
1036 342 1046 382 3
1083 329 1176 370 oriri
1210 341 1308 370 vero
1339 328 1466 371 frietio
1486 339 1567 370 non
1586 340 1665 383 por

340 395 413 437 test
432 428 443 449 ‚
477 395 544 450 nfi
573 395 685 435 atemi
716 406 852 435 aereae
870 394 951 450 sint
983 389 1146 449 asperae.

478 459 513 508 ξ.
554 471 596 508 9.
633 457 724 499 Hoc
757 468 883 499 autem
916 470 1044 498 rerum
1077 467 1231 498 naturae
1264 457 1438 499 maxime
1464 457 1662 499 consenta-

338 536 457 565 neum
490 522 555 564 est.
625 523 783 580 Quippe
816 523 855 562 in
900 523 1077 564 omnibus
1118 522 1344 576 corporibus
1384 522 1520 561 mundi
1561 531 1662 562 tota-

338 588 437 629 libus
478 598 591 643 atque
632 586 847 641 partialibus
865 619 876 639 ,
920 600 964 627 ea
1005 586 1122 640 figura
1142 620 1153 639 ,
1198 599 1314 640 quam
1356 584 1554 639 quodlibet
1594 598 1664 638 pe-

340 652 525 694 culiarem
567 650 634 692 fibi
675 650 821 703 habet,
866 650 1036 704 nuspiam
1080 660 1157 692 tam
1200 651 1404 704 adaequata
1449 649 1667 702 reperitur,

340 718 433 772 quin
475 715 758 771 inaequalitates
799 715 940 770 aliquas
978 716 1018 756 in
1058 715 1095 755 se
1129 715 1279 769 prodat.
1357 714 1468 770 Qiae
1510 712 1667 767 quidem

338 781 392 822 ita
426 781 559 822 adsunt
577 813 588 833 ,
629 791 674 820 vt
709 779 786 833 ipfit
818 778 951 833 figura,
993 780 1046 820 ob
1078 779 1250 833 pufillam
1284 778 1476 819 rationem
1518 776 1667 817 illarum

340 845 388 886 ad
422 854 552 886 totum
572 878 583 898 ,
618 843 740 885 seruet
774 843 877 884 suam
910 843 1089 897 speciem.
1158 842 1507 899 Quemadmodum
1541 842 1670 895 itaque

337 918 472 950 natura
507 909 651 949 telluris
683 907 832 949 nostrae
862 907 1024 960 globum
1059 908 1256 947 montibus
1275 939 1285 958 ,
1320 915 1360 946 et
1401 917 1564 959 corpora
1597 905 1670 945 illi-

339 984 381 1014 us
416 972 586 1027 partialia
603 1005 614 1024 ,
649 972 766 1012 etiam
801 984 879 1025 quo
914 972 960 1011 ad
994 971 1136 1011 lensum
1172 970 1375 1011 laeuiffima
1395 1003 1406 1022 ,
1441 978 1482 1009 et
1521 969 1548 1010 fi
1581 981 1673 1010 cum

334 1036 401 1079 illa
419 1045 714 1090 comparentur,
734 1034 938 1090 perpufilla
954 1068 965 1087 ,
993 1036 1041 1075 ad
1072 1033 1157 1075 vsus
1183 1034 1264 1074 suos
1282 1033 1605 1088 inaequalitatibus
1631 1046 1673 1073 a·

335 1100 445 1156 spera
471 1098 548 1141 effe
575 1100 726 1152 voluit,
753 1100 806 1138 ita
831 1110 984 1152 quoque
1009 1111 1135 1138 aereas
1160 1108 1311 1138 atomos
1329 1131 1340 1149 ,
1367 1098 1459 1138 licet
1484 1097 1530 1137 ab
1556 1097 1670 1137 omni

337 1164 625 1217 compositione
653 1161 812 1216 physica
838 1161 998 1211 alienas,
1027 1161 1202 1200 industria
1227 1158 1398 1199 eiusdem
1427 1169 1600 1211 naturae,
1629 1161 1672 1199 in

338 1227 583 1281 fimplicitate
599 1238 752 1281 quoque
771 1223 832 1264 sua
850 1223 1027 1275 callidae,
1047 1224 1318 1278 prominentiis
1336 1221 1579 1263 subtilissimis
1604 1221 1671 1262 fir-

338 1291 590 1348 miffimisque
625 1290 672 1332 acl
708 1288 865 1332 effectus
884 1286 1102 1330 vtiliffimos
1119 1287 1316 1330 iustrudtas
1332 1286 1408 1329 effe
1426 1299 1478 1329 ex
1496 1286 1672 1342 analogia

340 1357 548 1410 colligitur.

494 1424 529 1474 §.
571 1435 639 1464 10.
677 1424 949 1467 Remouentur
981 1432 1107 1464 autem
1143 1422 1265 1462 atomi
1291 1422 1384 1462 aeris
1402 1419 1581 1461 elaterem
1600 1430 1675 1458 ex«

339 1498 514 1530 ercentes
548 1501 570 1529 a
604 1488 640 1528 se
673 1489 842 1528 inuicem
885 1489 951 1528 vel
991 1487 1211 1528 immediata
1254 1486 1415 1539 quadam
1476 1485 1675 1536 reciproca

339 1551 495 1594 actione
513 1585 525 1605 ,
556 1563 622 1592 aut
657 1552 851 1592 mediante
885 1551 1015 1605 aliquo
1047 1551 1169 1590 fluido
1202 1550 1302 1589 inter
1336 1549 1418 1589 illas
1449 1548 1671 1597 diuerlimte,

340 1617 516 1671 adeoque
550 1615 679 1658 multo
711 1615 962 1656 subtilioribus
1003 1613 1193 1669 particulis
1234 1613 1444 1653 constante.
1524 1609 1670 1650 Vtrum

341 1679 489 1722 horum
524 1681 564 1721 in
598 1680 737 1721 elatere
770 1679 1022 1733 producendo
1042 1678 1170 1719 locum
1189 1676 1324 1718 habeat
1341 1710 1352 1729 ,
1387 1674 1673 1730 disquirendum

341 1745 454 1786 nobis
487 1745 690 1786 incumbit.
758 1745 825 1785 Ad
858 1744 936 1784 hoc
971 1754 1096 1784 autem
1130 1740 1305 1783 inseruiet
1345 1741 1454 1781 nobis
1496 1739 1672 1792 proprie-

342 1819 465 1851 tatum
506 1811 655 1851 virtutis
695 1809 869 1850 elasticae
901 1809 1112 1862 primaria:
1152 1805 1296 1846 scilicet
1313 1839 1324 1858 ,
1368 1805 1472 1859 quod
1511 1805 1577 1843 ae'r
1621 1814 1672 1842 eo

340 1875 492 1915 maiore
525 1876 566 1915 vi
600 1874 747 1916 elastica
782 1873 941 1928 gaudeat
958 1907 969 1926 ,
1004 1885 1083 1927 quo
1117 1871 1237 1924 magis
1270 1870 1312 1910 vi
1329 1878 1487 1910 externa
1502 1867 1673 1908 conden-

342 1940 441 1980 satur
459 1973 470 1993 ,
504 1952 656 1994 quoque
689 1941 847 1994 propius
878 1938 1002 1979 atomi
1036 1938 1114 1978 eius
1148 1935 1195 1976 ad
1213 1934 1249 1975 se
1273 1934 1439 1974 inuicem
1468 1932 1668 1972 accedunt,

485 2004 518 2053 ξ.
564 2017 582 2042 1
596 2018 632 2043 1.
654 2004 845 2045 Ponamus
862 2016 959 2044 vero
979 2004 1150 2056 primum
1176 1997 1374 2052 particulas
1399 1998 1494 2038 aeris
1511 1995 1671 2049 dispergi

346 2065 498 2107 actione
516 2066 667 2108 alicuius
685 2069 791 2108 fluidi
808 2066 1026 2108 subtilissimi
1045 2067 1144 2104 inter
1162 2062 1241 2103 illas
1265 2061 1501 2115 hospitantis.
1536 2061 1670 2116 Quan-

347 2130 400 2186 do
418 2131 530 2186 igitur
555 2143 617 2173 aer
644 2132 772 2173 inuale
801 2132 929 2185 aliquo
954 2128 1073 2172 londo
1100 2129 1140 2171 in
1165 2128 1293 2169 minus
1319 2126 1482 2182 spatium
1500 2134 1671 2179 Vrgetur,

1584 2188 1674 2230 flui-
