1820 2506
216 1423 285 1456 Τὼ.
315 1422 351 1453 X.

218 1465 278 1502 Fig.
288 1475 299 1494 1
308 1473 349 1495 .2.

216 1515 244 1544 3.
260 1517 291 1543 4·

369 168 458 212 306
508 164 582 209 SV
580 159 983 208 PPLEMENTJ‘M
1011 161 1564 214 ADMEDITATIONES

364 282 553 326 concludit.
621 282 710 323 Imo
745 281 1006 322 elasticitatem
1048 292 1159 320 aurae
1198 280 1296 322 illius
1336 283 1453 338 longe
1491 284 1682 326 maiorem

366 348 449 389 fieri
467 357 650 401 oportere
681 345 850 386 affirmat
871 378 881 396 ,
915 346 941 386 fi
975 345 1103 386 omnis
1127 344 1255 398 puluis
1271 346 1316 386 ad
1336 349 1584 400 explodenda
1604 359 1682 388 tor-

367 422 499 454 menta
531 411 719 452 adhibitus
751 421 791 452 et
823 410 980 464 quidem
1013 410 1054 449 in
1087 409 1239 450 instanti
1282 410 1441 452 flamma
1483 412 1689 454 consume-

368 485 484 516 retur.

508 539 541 588 ξ.
583 550 621 587 3.
658 539 776 595 Quod
810 550 896 578 aura
930 537 993 578 illa
1026 538 1071 579 fit
1112 551 1225 578 verus
1258 551 1321 578 aer
1354 538 1685 594 atmosphaericus,

368 603 669 644 demonstramus
703 603 790 643 alias
823 598 891 651 (ἢ
925 603 992 642 An
1024 615 1121 643 vero
1154 601 1424 643 affirmandum
1458 605 1513 656 fit,
1531 604 1687 645 elastici-

367 677 465 708 tates
482 669 574 708 aeris
590 667 826 707 densitatibus
845 668 924 707 eius
942 667 1249 721 proportionales
1268 665 1360 718 effe,
1382 668 1421 707 id
1438 681 1517 708 non
1536 668 1690 708 obscure

367 732 511 786 patebit
529 765 539 783 ,
570 731 597 772 fi
631 744 683 771 ex
718 732 796 771 aliis
827 733 1106 785 experimentis
1124 731 1176 770 ob
1191 731 1229 770 id
1252 731 1428 771 institutis
1443 732 1691 773 deductiones

371 794 650 836 Bernoullianis
667 795 825 847 similes,
864 795 1032 849 ipsasque
1058 794 1354 835 corroborantes
1372 790 1456 835 eli'ci
1477 798 1686 849 potuerint.

369 860 541 902 Huncin
560 858 679 900 finem
713 852 818 901 nulla
851 859 923 900 alia
957 860 1226 913 experimenta
1257 859 1378 912 aptius
1411 859 1577 900 adhiberi
1604 860 1692 914 pos-

370 922 421 964 se
450 923 672 975 censemus,
715 937 830 977 quam
875 923 943 962 vbi
987 920 1227 976 compreffus
1267 923 1481 963 admodum
1524 937 1586 965 aer
1605 957 1615 977 ,
1651 924 1692 964 in

372 986 596 1028 cohibenti-a
648 986 734 1028 vasa
783 989 862 1041 agit
881 1019 891 1038 ,
928 986 1079 1040 ipsaque
1113 986 1314 1040 disrumpit
1333 1020 1343 1039 ,
1378 999 1429 1027 ex
1448 1001 1613 1042 quorum
1633 1001 1693 1028 re-

372 1050 538 1094 fistentia
588 1052 648 1092 vis
689 1053 768 1092 eius
811 1051 962 1091 elastica
999 1052 1245 1091 determinari
1289 1061 1327 1091 et
1369 1064 1457 1092 cum
1492 1052 1695 1093 volumine

371 1116 588 1168 comparari
623 1115 761 1168 potest.

509 1178 543 1227 ξ.
581 1193 626 1230 4.
661 1175 766 1218 Cum
799 1190 897 1218 vero
932 1176 1170 1218 notiffimum
1201 1177 1246 1217 fit
1265 1211 1276 1230 ,
1319 1190 1412 1231 aqua
1454 1178 1494 1217 in
1535 1177 1697 1231 glaciem

358 1243 535 1285 —abeunte
553 1275 564 1295 ,
616 1242 804 1283 volumen
855 1242 934 1282 eius
968 1240 1153 1294 crescere,
1197 1251 1236 1281 et
1278 1241 1464 1295 stupenda
1504 1243 1547 1281 vi
1586 1241 1698 1282 cohi-

371 1307 497 1349 bentia
532 1306 617 1348 vasti
649 1319 842 1361 rumpere.
909 1306 956 1348 Id
988 1316 1116 1346 autem
1151 1305 1197 1347 ab
1229 1319 1314 1347 aere
1347 1319 1400 1346 ex
1435 1307 1538 1360 poris
1580 1318 1697 1360 aquae

370 1373 448 1413 iam
501 1373 580 1413 iam
615 1371 907 1425 congelascentis
955 1370 1119 1411 liberato
1138 1404 1150 1424 ‚
1193 1380 1231 1411 et
1270 1371 1307 1410 in
1361 1371 1478 1411 bullas
1527 1370 1697 1411 collesto

373 1436 565 1491 profici-sci
584 1470 594 1488 ,
629 1446 740 1477 extra
781 1448 903 1476 omne
945 1435 1102 1476 dubium
1138 1436 1204 1475 est.
1273 1436 1445 1476 Huncin
1465 1434 1583 1475 finem
1602 1447 1698 1475 con-

373 1501 437 1543 fici
473 1502 688 1542 curauimus
721 1501 866 1553 aliquot
897 1500 1031 1552 globos
1065 1500 1210 1539 vitreos
1227 1500 1389 1540 diuersae
1416 1499 1699 1552 magnitudinis,

369 1578 501 1617 canos,
535 1560 631 1605 cum'
643 1564 781 1604 tubulis
823 1563 945 1603 craffis
981 1563 1124 1616 angusti
1159 1563 1315 1604 luminis
1334 1596 1344 1614 ,
1378 1575 1475 1616 quos
1509 1576 1601 1616 aqua
1638 1574 1698 1601 re-

371 1631 499 1684 pletos
534 1630 824 1682 exponebamus
855 1640 1010 1680 magno,
1042 1628 1105 1681 qui
1127 1627 1198 1668 hac
1219 1623 1319 1682 (**)
1337 1626 1481 1678 hyeme
1499 1625 1696 1677 saeuiebat,

368 1695 513 1748 stigori.
581 1691 829 1746 Conglaciata
848 1705 964 1746 aquae
982 1693 1115 1745 portio
1133 1725 1143 1744 ,
1178 1705 1273 1745 quae
1291 1691 1390 1745 quasi
1426 1690 1545 1731 crusta
1579 1702 1693 1744 quae-

369 1760 459 1799 dam
494 1758 611 1798 latera
648 1758 820 1798 cauit-atis
872 1757 1085 1810 occupabat
1103 1789 1113 1807 ,
1148 1756 1311 1809 singulos
1342 1754 1478 1807 globos
1519 1754 1698 1807 disrupit,

369 1833 519 1878 praeter
561 1835 628 1862 eos
667 1834 831 1876 quorum
874 1820 1043 1861 foramen
1080 1820 1314 1873 conglaciata
1352 1819 1455 1871 prius
1489 1832 1582 1872 aqua
1620 1830 1699 1857 non

370 1888 454 1928 satis
487 1887 706 1927 obturatum
750 1883 850 1936 fuit,
885 1885 1050 1939 ideoque
1090 1885 1131 1924 vi
1165 1883 1309 1936 glaciei
1352 1883 1521 1922 internae
1575 1882 1699 1933 cylin-

372 1954 458 1993 drus
490 1951 653 2005 glacialis
686 1951 715 1991 d
744 1963 796 1990 ex
829 1949 976 1990 lumine
1018 1948 1300 1989 extrudebatur.
1369 1945 1573 2000 Disruptio
1605 1946 1702 1986 facta

375 2017 429 2056 est
462 2016 668 2056 secundum
702 2015 823 2056 varias
855 2014 1099 2065 diredtiones2
1134 2012 1362 2066 plerumque
1404 2020 1535 2052 tamen
1571 2009 1701 2050 secun-

1606 2075 1700 2114 dum

420 2151 469 2186 (*“Ι
493 2155 716 2184 Meditationibus
737 2154 797 2194 ipsis
823 2151 862 2194 (ᾗ.
879 2156 952 2193 27.)
979 2161 1005 2182 ει
1029 2152 1155 2191 singulari
1178 2151 1355 2182 distentatione
1380 2161 1458 2192 quam
1483 2161 1613 2192 putamus,

416 2193 474 2236 (Ὅ
497 2197 577 2226 Anno
606 2204 703 2236 1749.

771 2314 786 2332 N
