1820 2506
341 187 432 229 302
624 166 1030 218 MECHANICAE
1059 169 1366 217 COELESTIS

340 291 504 349 planetis
544 299 695 333 tantum
735 292 816 334 vsui
854 288 930 332 effe
972 288 1128 345 possunt
1146 323 1158 343 ,
1199 291 1291 332 dum
1329 292 1521 334 versantur
1553 293 1655 334 circa

342 357 606 399 horizontem.
671 358 747 399 Hic
788 369 886 397 vero
929 355 1137 409 vaporibus
1176 368 1203 409 p
1220 368 1402 410 erumque
1450 357 1659 399 obnubilati

342 420 527 474 adparent
558 429 596 461 et
614 423 767 475 potiora
799 420 1068 475 phaenomena
1092 419 1152 460 sua
1169 419 1424 473 abscondunt·⁷
1456 423 1504 462 de
1521 435 1594 476 qua
1616 433 1659 462 re

344 485 385 526 in
419 483 714 540 astrotheologia
722 485 783 526 sua
798 485 1040 538 conqueritur
1049 482 1282 525 Derhamus.
1318 484 1421 525 Hinc
1437 486 1572 538 procul
1588 487 1658 526 du-

345 548 428 593 bio»
445 561 569 602 neque
611 550 658 591 de
692 548 847 590 satellite
880 548 1045 588 Veneris
1083 560 1206 601 neque
1241 548 1288 587 de
1320 558 1431 588 motu
1463 549 1662 602 vertiginis

346 611 534 654 Mercurii
565 612 661 653 satis.
682 613 845 654 constan
907 610 1093 653 Concidit
1124 611 1187 652 hic
1222 612 1401 652 titubatio
1433 612 1533 664 tubi,
1568 625 1664 666 quae

345 678 460 718 etiam
501 677 542 717 in
575 677 817 731 minoribus,
860 676 1079 731 praesertim
1113 685 1236 716 vento
1269 688 1335 715 eos
1366 674 1525 716 striente
1544 708 1555 728 ,
1591 675 1662 716 ob-

342 739 574 782 seruatorem
620 741 758 782 turbat.
825 740 1024 782 Euanescit
1073 739 1139 781 hic
1187 741 1436 780 incommoda
1486 740 1666 793 corporis

344 805 509 846 inflexio
529 837 540 856 ,
574 817 663 845 cum
695 805 857 846 altitudo
892 805 1063 858 planetae
1094 804 1194 843 vltra
1227 810 1305 854 450
1342 803 1539 857 ascendit3
1567 816 1661 857 quae

343 869 454 910 simul
495 867 618 908 efficit
636 901 647 921 ‚
689 878 733 909 vt
766 869 984 908 obseruator
1022 877 1172 909 tantum
1213 879 1283 921 per
1316 868 1418 907 vices
1450 868 1588 908 tubum
1622 869 1662 907 in

341 933 484 986 spicere
517 940 643 985 queat.
709 931 829 972 Abest
861 931 1066 972 difficultas
1107 931 1304 984 planetam
1335 931 1380 970 ad
1415 931 1572 972 oculum
1604 943 1666 972 re·

341 993 507 1049 digendi.
573 992 713 1036 Carere
744 996 906 1049 denique
940 993 1136 1049 poss'umus
1175 995 1398 1048 praegrandi
1424 995 1493 1035 illo
1519 1005 1559 1035 et
1576 1007 1664 1048 pre-

341 1060 438 1102 tioso
495 1058 675 1112 adparatu
693 1092 705 1111 ,
754 1060 819 1111 qui
868 1059 914 1098 ad
951 1057 1185 1098 methodum
1238 1057 1491 1110 hugenianam
1513 1091 1523 1111 ‚
1558 1057 1664 1099 caffi-

342 1125 496 1164 nianam
554 1130 592 1160 et
643 1121 951 1162 bianchini-anam
1001 1122 1215 1172 requiritur.
1282 1121 1474 1162 ‘racemus
1501 1154 1512 1173 ,
1563 1122 1667 1174 quod

340 1186 415 1229 hac
450 1184 639 1229 methodo
672 1185 822 1238 optime
856 1184 1009 1224 curiosis
1027 1183 1107 1223 aliis
1125 1216 1136 1235 ,
1170 1184 1253 1223 tubi
1270 1183 1535 1224 tractationem
1554 1185 1664 1237 igno-

340 1249 508 1292 rantibus
526 1281 537 1300 ,
569 1249 722 1302 quaeuis
754 1247 1025 1302 phaenomena
1058 1247 1235 1288 coelestia
1266 1246 1445 1288 facillime
1479 1248 1669 1289 monstra·

341 1326 385 1356 re
415 1312 628 1367 poffimusz,
672 1325 743 1353 nec
775 1324 855 1358 non
884 1344 896 1364 7
924 1311 1030 1366 quod
1062 1311 1277 1352 obseruator
1309 1311 1479 1363 hyemali
1512 1321 1651 1366 tempo

342 1390 442 1433 pore
483 1378 524 1418 in
564 1376 744 1418 cubiculo
787 1376 979 1430 persistere
1012 1374 1126 1429 possit
1144 1409 1155 1428 ,
1198 1376 1226 1417 fi
1259 1384 1411 1416 tantum
1444 1375 1668 1417 machinam

342 1451 430 1484 ante
464 1441 666 1485 fenestram
707 1451 870 1495 reponat
890 1474 901 1495 ,
944 1449 984 1480 et
1017 1440 1127 1481 radiis
1157 1440 1353 1481 transitum
1387 1452 1460 1494 per
1491 1439 1666 1482 foramen

343 1506 542 1546 concedat.

494 1569 528 1618 ξ.
552 1580 622 1607 20.
660 1566 750 1610 Nec
783 1579 881 1607 vero
912 1567 1063 1609 silentio
1103 1568 1418 1622 praetereundum
1452 1568 1551 1621 erit,
1584 1567 1670 1621 qui-

341 1632 499 1675 busnam
538 1633 664 1673 nostra
703 1631 908 1672 methodus
956 1641 1153 1686 prematur
1202 1632 1499 1673 difficultatibus.
1567 1630 1668 1675 Gra-

339 1697 491 1739 viffima
529 1696 665 1738 harum
704 1696 869 1737 consistit
910 1697 950 1737 in
986 1697 1170 1751 exquisita
1205 1696 1494 1750 praeparatione
1528 1696 1669 1750 speculi

342 1761 528 1805 metallici
548 1793 560 1813 ,
594 1761 687 1802 dum
721 1760 888 1801 vitreum
922 1770 1084 1815 propter
1118 1761 1311 1814 duplicem
1347 1759 1601 1802 reflexionem
1621 1761 1668 1802 ad

345 1826 468 1868 hiberi
511 1826 655 1879 nequit.
724 1822 969 1866 Desideratur
1008 1838 1105 1865 vero
1138 1827 1176 1864 in
1210 1837 1269 1864 eo·
1293 1823 1478 1878 perfectio
1511 1823 1668 1877 superfi-

346 1891 418 1932 ciei
461 1890 500 1930 in
541 1891 682 1931 eodem
724 1890 837 1941 gradu
857 1923 868 1942 ,
911 1903 953 1930 ac
993 1891 1031 1929 in
1066 1889 1271 1931 maioribus
1314 1888 1423 1928 vitris
1455 1889 1665 1929 obiestiuis.

346 1954 507 1996 Interim
529 1987 539 2006 ,
574 1953 665 1994 licet
697 1953 811 2007 plana
843 1953 1060 2009 superficies
1093 1953 1304 1994 admodum
1324 1952 1481 1993 difficile
1515 1954 1554 1993 in
1574 1953 1670 1994 eius-

347 2018 457 2060 modi
491 2017 733 2071 perfectionis
766 2020 881 2072 gradu
914 2018 1071 2072 speculis
1102 2016 1324 2058 concilietur
1343 2050 1353 2068 ,
1388 2016 1520 2057 valent
1539 2026 1668 2058 tamen

349 2082 468 2124 nostri
504 2082 586 2122 aeui
619 2081 780 2122 artifices
813 2084 866 2132 eis
897 2081 1137 2137 superficiem
1178 2093 1396 2123 connexam
1431 2081 1498 2122 vel
1529 2094 1670 2122 conca-

1571 2157 1665 2186 vam
