1820 2506
367 182 463 225 4³0
500 168 781 234 *QVANTVM
813 168 1017 216 MOTVS
1045 173 1295 218 TERRAE,
1324 175 1364 217 A
1399 176 1560 219 LVNA

358 303 418 334 re.
482 291 597 332 Hunc
622 291 663 329 in
679 288 802 337 finem
818 288 917 329 nulla
946 292 1180 346 communis,
1197 295 1323 334 centri
1350 295 1541 345 grauitatis
1559 294 1674 334 ratio-.

359 366 412 396 ne
445 354 570 395 habita
590 386 600 406 ,
635 352 889 402 deuiationem
923 361 1043 394 terrae
1076 355 1122 394 de
1158 355 1280 409 orbita
1313 356 1478 408 elliptica
1519 370 1568 396 ex
1588 357 1673 411 ipfis

360 417 689 458 sollicitationibus
721 418 829 457 lunae
861 415 1111 470 inuestigabo,
1145 419 1245 472 quod
1279 420 1474 472 negotium
1509 421 1554 460 ad
1590 434 1672 462 ma·

360 481 473 521 xime
507 481 766 535 complicatos
797 479 963 520 calculos
1010 481 1192 534 deducit,
1232 495 1321 522 cum
1354 482 1416 522 illa
1449 481 1674 535 hyppothe-

360 543 405 586 sis
432 556 516 585 rem
547 544 723 584 facillime
769 540 1032 614 expediuiiset.
1076 587 1077 590 ,

509 608 544 656 §.
571 618 611 655 3.
649 603 742 664 Quo
773 616 900 647 autem
918 607 1001 648 vim
1019 640 1031 661 ,
1066 621 1137 662 qua
1155 617 1251 651 tetra
1267 621 1287 649 a
1304 608 1390 648 luna
1407 600 1675 661 sollicitatur,

363 673 668 727 cognoscamus,
710 668 860 712 neceffe
902 671 984 724 est,
1023 681 1068 712 vt
1107 674 1207 713 ratio
1225 685 1378 727 ,quam
1412 669 1531 712 massa
1565 671 1675 719 lunae

363 737 410 776 ad
444 734 604 777 maffam
639 744 758 775 terrae
798 743 902 775 tenet
918 767 930 787 ,
970 736 1227 789 inuestigetur.
1300 734 1341 776 Si
1382 736 1537 789 quidem
1579 734 1675 776 affu-

360 812 513 841 mamus
545 811 685 852 corpus
726 798 836 838 lunae
876 809 930 838 ex
968 798 1080 840 simili
1120 802 1277 841 materia
1317 797 1392 839 effe
1433 799 1675 852 conflatum,

364 872 479 916 atque
515 873 684 915 terram,
718 863 833 923 ratio
850 861 915 907 illa
950 863 1022 902 erit
1054 862 1242 915 triplicata
1274 863 1428 902 rationis
1467 863 1677 902 diametro-

363 939 464 969 tum.
534 927 662 982 Quare
691 937 781 965 cum
813 920 858 964 fit
890 924 1074 966 diameter
1106 937 1225 964 terrae
1264 926 1311 984 ad
1351 925 1579 964 diametrum
1618 925 1676 966 lu.

365 1000 439 1029 nae
480 989 540 1029 vti
584 991 666 1036 365
721 982 768 1028 ad
820 998 939 1040 100,
990 988 1088 1027 soret
1128 969 1242 1028 massa
1276 980 1398 1028 terrae
1431 987 1481 1028 ad
1513 976 1676 1029 maffam

365 1050 478 1092 lunae
511 1052 570 1092 vti
604 1054 722 1102 4863
759 1048 805 1090 ad
828 1061 912 1088 100
946 1051 1006 1090 seu
1039 1059 1085 1090 vt
1104 1057 1160 1099 48
1196 1051 1242 1091 ad
1279 1064 1298 1089 1
1323 1048 1523 1105 proxime.
1566 1047 1677 1091 Neu-

365 1123 478 1154 tonus
509 1115 662 1167 quidem
698 1125 751 1152 ex
784 1111 1064 1164 phaenomenis
1095 1112 1211 1151 aestus
1241 1116 1352 1153 maris
1385 1113 1677 1166 terrammtricies

365 1176 500 1215 nonies
534 1185 687 1215 tantum
718 1174 934 1228 grauiorem
968 1173 1055 1214 luna
1098 1175 1294 1215 constituit
1313 1209 1324 1228 ,
1365 1182 1500 1215 verum
1541 1172 1673 1220 Celebss

366 1235 510 1280 Daniel
542 1237 738 1279 Bernoulli
770 1238 810 1277 in
841 1237 901 1277 sua
931 1237 1078 1277 eximia
1111 1238 1171 1278 de‘
1191 1230 1438 1294 aestumatis
1453 1231 1674 1279 dissertatio.

364 1310 415 1345 ne
450 1302 616 1344 ostendit
646 1303 740 1343 vim·
765 1300 876 1342 lunae
903 1300 1033 1342 'multo
1060 1299 1136 1341 effe
1164 1303 1357 1343 minorem
1377 1335 1389 1354 ,
1418 1305 1532 1356 quam
1567 1302 1674 1344 Neu-

369 1374 485 1406 tonus
516 1363 722 1418 statuiss‘et,
756 1366 812 1405 ita
842 1374 888 1405 vt
920 1365 1020 1405 ratio
1053 1372 1112 1415 48
1149 1365 1197 1407 ad
1230 1378 1253 1405 1
1292 1367 1451 1420 propius
1488 1366 1536 1406 ad
1577 1367 1678 1407 veri·

366 1437 488 1470 tatem
509 1430 671 1481 accedat,
706 1442 819 1483 quam
852 1428 951 1469 ratio
986 1438 1043 1478 39
1078 1429 1123 1469 ad
1148 1443 1185 1468 1.
1252 1429 1297 1470 In
1323 1429 1395 1469 hac
1421 1438 1545 1469 autem
1566 1442 1673 1469 coma

370 1495 569 1546 paratione
599 1494 646 1534 ad
677 1495 759 1533 vim
792 1492 877 1533 solis
907 1491 1018 1532 fimul
1057 1493 1240 1546 speciatur
1257 1526 1268 1545 ,
1309 1505 1415 1546 quae*
1443 1505 1464 1531 3
1506 1492 1675 1533 distantia

362 1556 449 1596 solis
481 1569 502 1595 a
532 1565 631 1597 'terra
664 1557 819 1608 pendet.
869 1554 1045 1595 Ostendi
1078 1566 1206 1596 autem
1248 1557 1288 1595 in
1330 1553 1587 1595 differtatione
1629 1556 1677 1595 de

361 1618 618 1660 diminutione
646 1628 776 1660 motus
806 1615 1060 1671 planetarum,
1093 1618 1121 1659 fi
1154 1618 1357 1671 parallaxis
1389 1618 1457 1658 soli
1490 1618 1675 1657 horizon-

362 1681 445 1739 talis
477 1681 682 1723 affumatur
717 1682 820 1731 13²²,
853 1681 936 1721 vim
968 1680 1055 1720 solis
1073 1681 1288 1722 indistantia
1308 1693 1394 1732 320
1415 1713 1426 1732 ,
1462 1687 1548 1728 708
1571 1681 1675 1734 ripsi

363 1745 539 1798 grauitati
579 1746 660 1786 fore
698 1743 925 1798 aequalem,
969 1756 1083 1796 quare
1123 1744 1150 1784 fi
1193 1743 1285 1784 haec
1331 1744 1504 1783 distantia
1555 1754 1642 1791 320
1662 1777 1674 1796 ,

370 1823 461 1865 708
482 1829 505 1858 r
545 1826 710 1872 ponatur
748 1814 866 1872 :f,
904 1823 941 1855 et
980 1811 1097 1855 maffa
1128 1814 1210 1853 solis
1244 1813 1340 1854 :S
1372 1812 1445 1853 erit
1464 1803 1584 1872 ᾗτε
1603 1802 1674 1868 ζῆ

369 1888 532 1942 ideoque
566 1887 591 1929 S
604 1903 658 1930 z
674 1895 788 1930 1028
800 1872 1052 1940 54Tzffff.
1117 1885 1234 1942 Quod
1274 1885 1301 1926 fi
1340 1896 1468 1926 autem
1507 1886 1677 1926 distantia

370 1951 458 1992 solis
493 1966 513 1993 3
547 1963 644 1994 terra
678 1962 846 2007 ponatur
876 1964 961 1992 :c
980 1984 990 2003 ,
1027 1960 1066 1991 et
1098 1950 1267 1990 distantia
1298 1949 1408 1989 lunae
1426 1962 1447 1989 a
1465 1960 1562 1990 terra
1580 1947 1677 2001 ΣΙ),

368 2024 416 2063 ad
448 2037 553 2064 mare
585 2024 916 2066 commouendum
949 2024 1003 2064 est
1034 2024 1094 2064 vis
1126 2023 1208 2064 solis
1241 2021 1286 2061 ad
1319 2022 1402 2061 vim
1435 2020 1546 2062 lunae
1562 2031 1607 2062 vt
1639 2009 1674 2072 7⁵1

373 2095 422 2135 ad
460 2083 501 2147 ἕ.
534 2095 611 2137 hoc
646 2098 699 2138 est
730 2109 775 2139 vt
804 2081 890 2150 {A}
909 2096 954 2136 ad
987 2083 1039 2149 ἐς.
1106 2094 1233 2150 Quare
1265 2093 1380 2142 srvis
1419 2094 1528 2135 lunae
1564 2092 1675 2134 fuerit

1627 2157 1673 2197 ad
