1820 2506
331 183 420 222 244
453 167 704 212 TENTAM.
748 162 966 210 THEOR.
1006 164 1086 208 DE
1110 164 1172 210 Vt
1203 163 1333 210 AER.
1372 163 1531 213 ELAS.

479 290 512 338 §.
556 299 624 337 27.
661 286 708 328 Id
741 299 836 328 vero
871 286 947 326 iam
982 283 1078 325 olim
1112 296 1153 325 re
1189 284 1265 339 ipsa
1306 287 1458 342 experti
1484 287 1567 328 sunt
1591 287 1654 327 vi*

330 354 363 395 ri
381 353 619 394 celeberrimi
639 363 677 392 et
694 353 743 393 de
777 351 871 392 orbe
904 349 1087 390 litterario
1123 350 1274 403 optime
1306 353 1435 392 meriti
1459 354 1653 394 ltobertus

331 417 457 470 Boyle
475 450 487 470 ‚
521 418 766 458 Hermannus
798 413 1021 455 Boerhaaue
1039 447 1051 465 ,
1085 422 1124 454 et
1153 413 1339 455 recentius
1370 415 1502 456 ciarifl‘.
1573 417 1655 457 Ha-

331 482 437 523 lefius
455 514 465 533 ,
509 482 572 535 qui
621 481 794 521 subtilem
842 488 882 520 et
930 478 1121 519 elasticam
1169 479 1273 520 illam
1325 480 1520 520 materiam
1541 513 1552 532 ,
1601 491 1654 521 ex

331 546 557 600 corporibus
588 545 760 586 resplutis
793 541 1022 598 produetam
1041 576 1052 596 ,
1083 556 1212 584 aerem
1246 543 1437 597 appellare
1473 557 1551 584 mn
1584 546 1655 585 du·

331 611 560 652 bitauerunt.
625 609 680 652 Et
712 621 784 649 nos
815 618 898 650 met
929 609 1031 662 ipsos
1060 608 1272 662 multiplex
1305 608 1544 661 experientia
1585 609 1658 650 do-

333 676 413 717 cuit
446 676 549 716 idem
568 707 579 728 ,
613 673 836 728 praesertim
869 672 935 714 vbi
965 685 1017 713 cx
1052 671 1244 714 solutione
1274 673 1416 725 cupri,
1449 685 1544 726 aqua
1569 670 1659 714 forti

330 740 518 793 instituta,
553 738 749 780 elasticum
781 737 945 779 fluidum
980 736 1139 792 copiose
1170 735 1406 792 produCtum
1440 748 1578 778 verum
1596 748 1659 778 ae-

330 817 374 845 re
408 802 486 845 effe
517 802 850 858 deprehendimus.
919 801 1081 843 Etenim
1115 801 1156 842 in
1191 799 1280 842 vase
1311 813 1391 855 quo
1423 800 1585 842 fluidum
1612 800 1661 842 il-

331 869 398 911 lud
431 877 589 922 captum
623 876 704 909 erat
722 899 733 920 ‚
767 865 1036 908 continebatur
1067 863 1174 906 alcali
1206 863 1354 916 fixum,
1389 877 1431 905 m
1463 877 1558 920 aqua
1593 877 1662 907 co-

332 932 442 988 piose
470 932 639 973 solutum
657 965 668 984 ,
702 943 782 985 quo
815 929 947 971 rutilus
980 929 1047 970 ille
1079 941 1204 983 vapor
1220 960 1233 980 ‚
1272 928 1462 970 solutione
1502 930 1662 972 durante

332 996 533 1038 ascenderis
552 1029 562 1049 ‚
604 996 793 1050 acidoque
850 993 974 1034 subtili
1014 994 1182 1048 turgidus
1201 1025 1213 1046 ,
1275 993 1494 1048 capiebatur
1521 1008 1529 1035 :
1573 995 1665 1036 huic

333 1062 441 1103 enim
474 1060 680 1112 nonnulli,
711 1059 778 1114 qui
810 1067 988 1099 renatum
1019 1069 1148 1099 aerem
1179 1058 1246 1099 suo
1275 1058 1438 1099 nomine
1470 1058 1666 1112 appellare

334 1134 543 1175 metuunt,⁹
577 1133 616 1164 et
649 1122 777 1162 nescio
809 1122 915 1174 quod
950 1119 1030 1163 Gas
1063 1121 1237 1164 vocitare
1269 1131 1400 1162 amant
1418 1154 1430 1173 ,
1462 1122 1666 1177 elasticam‚

333 1189 420 1231 vim
452 1187 562 1229 fluidi
594 1185 779 1227 tribuunt.
815 1182 960 1226 Nihilo
994 1192 1127 1224 tamen
1159 1184 1287 1225 minus
1319 1196 1390 1239 per
1407 1184 1554 1256 aliquot
1571 1185 1671 1227 heb-

334 1251 559 1295 dommadas
591 1251 757 1292 fluidum
791 1248 887 1291 illud
919 1247 1115 1303 perstitit,
1149 1260 1291 1290 omnes
1323 1249 1420 1291 veri
1442 1249 1537 1291 aeris
1576 1262 1671 1305 qua-

338 1317 461 1360 litates
493 1316 1675 1358 retinens..

489 1381 524 1432 ξ.
565 1388 639 1424 28.
674 1379 790 1421 Plura
822 1378 978 1434 quidem
1010 1377 1059 1419 de
1098 1389 1185 1419 aere
1226 1378 1266 1419 in
1307 1375 1412 1431 poris
1454 1351 1673 1434 corporum-

338 1445 614 1500 delitescente,
648 1458 768 1500 eaque
800 1445 935 1496 varia,
969 1451 1009 1483 et
1043 1443 1228 1497 quaedam
1259 1442 1360 1483 forte
1386 1454 1487 1483 noua
1520 1457 1670 1498 propo-

338 1525 431 1554 nere
463 1511 529 1552 hic
566 1509 796 1565 poss‘emu53
829 1521 967 1549 verum
1001 1519 1093 1548 cum
1128 1520 1171 1548 ea
1204 1507 1251 1548 ad
1285 1506 1487 1559 fingulares
1504 1508 1668 1551 eiusdem

340 1576 482 1631 captiui
515 1575 611 1615 aeris
642 1573 802 1614 effeetus
835 1570 1090 1625 explicandos
1108 1573 1322 1626 pertineant
1360 1572 1488 1624 potius
1506 1604 1517 1624 ‚
1550 1585 1671 1626 quam

340 1642 389 1683 ad
421 1638 571 1681 causam
605 1638 751 1679 elateris
784 1636 885 1678 illius
917 1634 1213 1692 illustrandam3
1248 1635 1506 1692 quamobrem
1537 1635 1605 1680 ina
1621 1638 1670 1682 ad

341 1704 577 1763 peculiarem
610 1702 884 1746 tractationem
914 1699 1157 1742 reseruamus.

1454 2146 1676 2200 DISSER-
