1820 2506
315 164 664 215 OBSERVAHO
695 164 935 216 ECLlPSIS
966 167 1213 216 somnis
1379 185 1467 224 49³

156 291 354 335 maximae
395 287 539 343 pallido
580 290 736 343 quidem
778 289 926 331 lumine
966 290 1211 345 fruebamur3
1254 302 1304 331 eo
1344 291 1473 334 tamen

159 356 308 397 obiecsta
357 353 480 408 probe
529 353 652 395 adhuc
702 354 927 407 distinguere
983 355 1091 396 licuit
1126 388 1138 407 ,
1202 355 1341 396 melius
1368 389 1379 409 ‚
1430 370 1476 397 ac

159 431 435 473 nonnunquam
468 415 560 458 Sole
594 418 793 459 occidente
809 418 892 459 fieri
920 419 1025 460 solet.
1093 419 1293 460 Venerem
1317 433 1473 475 quoque

158 485 299 525 eodem
335 492 513 536 tempore
544 482 830 535 conspexerunt
871 484 991 524 multi
1017 484 1138 524 oculis
1168 485 1295 537 nudis,
1331 485 1469 539 preser-

157 550 229 588 tim
264 559 359 603 quos
389 546 543 586 iuuabat
573 545 841 587 aedificiorum
871 547 1037 602 vmbra·⁷
1078 548 1157 602 ipse
1189 548 1383 590 Venerem
1416 559 1474 590 at-

154 621 282 653 tentus
312 611 359 651 ad
391 610 482 650 alias
510 610 784 650 obseruationes
815 622 896 650 non
930 612 1024 651 vidi.

310 684 380 723 15.
446 673 609 714 Amicus
673 686 803 714 curam
870 675 911 714 iri
976 672 1015 714 se
1080 673 1285 729 susceperat
1348 678 1474 718 obser-

156 740 352 781 uationum
416 737 805 790 meteorologicarum
872 748 1053 793 tempore
1124 740 1282 793 eclipfis.
1356 742 1473 783 Hunc

156 803 195 843 in
287 803 408 843 finem
493 800 824 843 thermometrum
885 803 1106 844 mercuriale
1179 802 1262 845 Soli
1353 806 1472 846 libere

155 866 461 921 exponebatur3
510 865 611 906 aliud
661 878 759 905 vero
822 865 863 906 in
922 867 1016 908 loco
1058 868 1243 908 vmbroso
1275 901 1288 920 ,,
1354 883 1472 923 quem

156 933 222 971 a'e'r
286 940 467 971 externus
530 928 639 968 ferire
698 939 852 982 poterat
878 963 888 982 ,
957 944 1034 972 vna
1089 945 1180 972 cum
1230 931 1474 986 barometro,

156 993 403 1035 afferuabatur
422 1025 436 1045 ‚
465 1003 668 1046 Vtrumque
699 992 1021 1036 tliermometrum
1056 1008 1102 1036 ea
1131 996 1315 1036 diuisione
1332 997 1472 1038 instru-

155 1059 263 1100 ctum
297 1066 406 1108 erat,
440 1069 513 1110 qua
545 1057 681 1108 gradus
710 1068 826 1109 aquae
861 1058 1049 1099 bullientis
1082 1073 1153 1111 per
1188 1073 1214 1099 0
1233 1093 1244 1111 ,
1287 1061 1477 1113 gelascen-

156 1123 201 1163 tis
240 1134 308 1174 per
354 1133 460 1172 150,
509 1119 772 1160 descendendo
813 1133 836 1160 a
881 1123 1002 1174 priori
1053 1124 1225 1162 termino
1245 1156 1255 1175 ,
1306 1134 1475 1166 notatur.

156 1185 502 1225 Thermometrum
541 1183 583 1222 in
630 1182 723 1223 loco
763 1184 951 1225 vmbroso
989 1187 1061 1226 vix
1101 1187 1314 1227 sensibilem
1362 1189 1476 1243 subiit

155 1248 412 1290 mutationem
444 1280 456 1300 ‚
506 1247 606 1287 circa
655 1247 808 1288 initium
843 1258 882 1288 et
914 1249 990 1289 fere
1031 1262 1105 1303 per
1143 1259 1268 1290 totam
1313 1250 1473 1305 eclipsin

160 1319 265 1361 115¹i
286 1345 298 1363 ‚
331 1312 430 1351 circa
465 1310 585 1351 finem
619 1322 747 1352 autem
785 1324 871 1366 1³14
891 1313 1126 1354 monstrauit.
1193 1311 1472 1356 Barometrum

154 1388 307 1430 quoque
341 1384 430 1415 toto
462 1374 608 1428 eclipsis
641 1386 821 1428 tempore
861 1377 1102 1419 constantem
1143 1379 1299 1418 retinuit
1340 1379 1474 1420 altitu-

154 1440 300 1479 dinem.
367 1438 717 1479 Thermometrum
751 1438 834 1480 Soli
876 1442 1095 1494 expositum
1148 1443 1193 1483 ad
1242 1441 1356 1496 quina
1400 1444 1477 1483 mi-

154 1513 246 1543 nuta
276 1503 464 1555 temporis
496 1504 580 1543 veri
613 1503 852 1545 obseruatum
885 1505 963 1558 est,
1007 1516 1047 1546 et
1087 1507 1346 1547 variationem
1389 1508 1474 1560 qui-

155 1567 241 1607 dem
275 1566 441 1606 ostendit
481 1566 690 1607 notabilem
710 1600 720 1619 ,
771 1568 823 1608 ast
858 1578 983 1609 certae
1015 1569 1090 1623 legi
1121 1583 1204 1612 non
1238 1570 1322 1611 satis
1343 1571 1472 1612 adstri-

126 1652 132 1656 ·
155 1631 260 1670 ‹stam›
277 1663 287 1682 ,
319 1642 436 1683 quam.
466 1631 585 1670 nubes
614 1632 803 1671 continuo
833 1633 1128 1673 intervenientes
1145 1666 1159 1684 ,
1189 1634 1407 1687 praesertim
1426 1636 1476 1675 ab

155 1694 266 1733 initio
299 1693 441 1745 eclipsis
475 1707 593 1746 vsque
624 1694 673 1733 ad
706 1694 1010 1736 obscurationem
1055 1699 1299 1749 maximam,
1343 1698 1475 1739 turba-

157 1757 256 1796 bant.
323 1755 559 1797 Generaliter
590 1766 719 1797 tamen
762 1760 864 1799 circa
901 1759 1208 1803 obscurationem
1252 1763 1474 1803 maximam

154 1821 310 1872 gradum
352 1819 486 1859 caloris
527 1820 725 1860 minorem
767 1823 973 1876 patefecit,
1016 1837 1059 1863 ac
1102 1826 1140 1864 in
1175 1826 1287 1866 initio
1326 1836 1364 1866 et
1397 1826 1479 1866 fine

156 1883 326 1937 eclipsis,
357 1882 568 1923 differentia
600 1886 773 1926 maxima
806 1888 994 1930 existente
1025 1897 1097 1939 17}
1124 1891 1229 1944 grad.
1285 1887 1349 1931 Sic
1372 1890 1481 1931 ther-

155 1958 390 1988 mometrum
430 1946 527 1988 istud
558 1948 748 1991 iudicabat

717 2144 765 2202 Q
789 2158 814 2199 q
846 2158 871 2200 q
905 2156 933 2194 a
1342 2148 1474 2190 ‘rem-
