1820 2506
438 189 524 234 DE
555 186 620 235 Vl
648 184 822 236 AERIS
852 185 1138 233 ELAsncA
1352 203 1439 245 ,μ

119 312 214 359 serie
266 321 361 355 eum
420 311 712 354 communicant
761 310 809 353 ad
843 309 1055 353 distantiam
1104 308 1148 351 vi
1197 307 1447 365 percussionis

119 376 473 437 proportionalem.
541 377 740 435 Quoniam
776 385 903 418 autem
937 375 1060 418 atomi
1091 374 1185 417 aeris
1216 374 1447 430 plerumque

121 457 146 487 a
177 443 360 487 contactu
391 452 565 484 remotae
598 441 714 498 sunt;
749 439 899 483 necesse
930 441 984 483 est
1015 452 1110 495 ergo
1129 473 1140 494 ,
1173 450 1220 482 vt
1258 439 1448 496 quaelibet

123 518 279 551 atomus
310 508 357 549 ad
389 507 641 549 excitandum
673 508 712 548 in
743 507 858 548 altera
891 516 1045 549 motum
1079 504 1276 559 sonorum,
1317 505 1385 547 fibi
1425 517 1447 546 a

124 585 294 629 corpore
326 571 484 614 sonante
525 570 758 627 impressum
777 605 788 625 ,
827 573 875 614 ad
915 572 1079 614 eandem
1121 571 1252 626 primo
1294 570 1449 611 accedat

69 684 72 685 ⁷
123 648 239 694 atque
270 636 547 692 tempusculum
579 635 730 677 infinite
761 637 919 691 quidem
952 648 1115 692 paruum
1148 636 1189 676 in
1222 644 1336 677 motu
1353 647 1451 675 con-

123 703 274 756 sumat,
309 705 528 757 priusquam
560 700 684 742 ictum
717 700 774 741 illi
807 702 998 756 impingat
1016 734 1027 754 ,
1061 713 1158 754 quae
1193 699 1346 741 infinite
1365 712 1452 753 par-

125 780 178 810 va
209 765 439 821 tempuscula
471 766 519 808 ab
552 766 691 807 atomis
723 778 889 807 numero
919 766 996 807 fere
1030 764 1187 806 infinitis
1218 766 1260 805 in
1302 764 1452 805 notabi-

125 831 222 873 liore
259 831 433 873 distantia
472 830 521 872 ad
560 829 801 872 succeffiuam
841 831 1242 872 communicationem
1284 828 1452 870 adhibita

125 895 306 938 infinities
336 895 458 936 sumta
489 894 658 936 sensibile
690 895 847 949 aliquod
879 895 1069 949 temporis
1100 901 1348 934 momentum
1366 891 1454 932 effi-

126 961 244 1005 cient.
312 959 430 1002 Vnde
460 955 612 1000 necess‘e
643 958 698 1000 est
715 991 727 1011 ,
760 967 806 999 vt
837 958 946 1000 sonus
996 956 1083 1012 post
1133 957 1255 999 ic'tum
1273 989 1285 1010 ‚
1320 968 1343 996 a
1372 967 1454 1010 quo

125 1025 355 1080 producitur
380 1056 394 1078 ,
441 1022 603 1065 notabili
651 1022 857 1065 interuallo
923 1021 1112 1079 temporis
1166 1034 1189 1063 e
1236 1020 1453 1076 longinquo

127 1090 309 1134 audiatur.
900 1117 909 1124 .

279 1154 318 1203 5.
359 1164 436 1204 42.
477 1152 649 1208 Quando
706 1164 773 1193 aer
822 1152 968 1206 premit
1015 1151 1256 1207 superficiem
1301 1150 1457 1192 alicuius

132 1218 339 1273 corporis3
374 1216 479 1257 cuius
511 1216 600 1270 pori
633 1216 797 1257 maiores
829 1217 985 1271 quidem
1024 1216 1108 1257 sunt
1138 1217 1288 1258 atomis
1329 1217 1423 1256 aeris
1443 1247 1457 1268 „

133 1283 343 1325 diametros
375 1287 504 1320 tamen
538 1278 683 1321 habent
715 1281 884 1322 minores
907 1280 1109 1334 distantiis,
1143 1293 1242 1336 quae
1275 1269 1458 1322 tremula-

136 1348 245 1389 tione
275 1344 427 1386 illarum
458 1341 749 1399 describuntur3
785 1354 867 1386 tum
900 1347 1022 1387 atomi
1054 1346 1150 1387 aeris
1181 1358 1251 1401 per
1268 1343 1462 1400 repercus-

134 1411 283 1455 fionem
315 1409 363 1451 ad
396 1406 546 1449 orificia
573 1420 763 1464 potorum
793 1409 834 1450 in
867 1410 1099 1465 peculiarem
1117 1443 1129 1464 ‚
1164 1411 1355 1465 quendam
1373 1422 1460 1451 mo-

136 1485 223 1518 tum
255 1475 467 1529 dirigantur
484 1505 496 1526 ,
531 1470 680 1514 neceffe
696 1473 763 1515 est.
800 1473 959 1516 Etenim
976 1475 1021 1516 fit
1055 1475 1175 1516 Porus
1191 1475 1222 1517 P
1240 1476 1340 1516 inter
1374 1486 1464 1530 par-

134 1539 266 1582 ticulas
294 1539 336 1579 A
370 1547 408 1579 et
439 1536 475 1578 B
505 1537 546 1578 in
563 1536 762 1592 superficie
801 1541 976 1593 corporis
1008 1540 1139 1593 solidi,
1172 1538 1238 1581 vel
1254 1540 1375 1580 etiam
1392 1539 1462 1580 flu-

137 1605 192 1647 idi
224 1602 408 1646 densioris
426 1634 437 1654 ,
471 1601 557 1643 situs
574 1634 586 1656 ,
619 1613 735 1657 quam
774 1603 922 1658 premit
951 1617 1048 1659 aer;
1082 1602 1190 1646 feriat
1225 1614 1376 1647 atomus
1413 1603 1463 1644 ali
1475 1615 1536 1656 rig.
1561 1622 1593 1657 ς.

139 1681 213 1725 qua
245 1668 338 1710 aeris
371 1666 603 1722 particulam
635 1666 676 1709 A
715 1679 769 1708 ex
809 1680 836 1710 a
876 1670 917 1709 in
958 1669 983 1711 b
1001 1702 1013 1722 ,
1055 1669 1103 1710 ab
1149 1669 1289 1724 illaque
1328 1667 1467 1710 resiliat

139 1732 265 1776 versus
295 1746 317 1775 c
346 1733 397 1773 ita
425 1740 471 1773 vt
501 1731 645 1773 lineam
677 1744 714 1773 m
730 1745 767 1774 m
796 1732 926 1788 secet3
962 1733 1105 1775 eodem
1146 1746 1301 1788 quoque
1342 1733 1468 1774 modo

142 1799 310 1840 incurrat
341 1796 414 1838 alia
444 1797 538 1836 aeris
569 1806 717 1839 atomus
749 1798 791 1838 in
821 1798 1051 1853 particulam
1082 1796 1118 1839 B
1147 1811 1202 1839 ex
1234 1799 1264 1840 d
1292 1799 1332 1838 in
1365 1810 1387 1839 e
1427 1806 1469 1838 et

143 1861 282 1905 resiliat
314 1859 438 1902 versus
468 1872 490 1901 c
522 1860 575 1901 ita
605 1871 652 1902 vt
684 1861 784 1903 linea
815 1875 836 1904 e
852 1876 873 1904 c
906 1876 998 1905 cum
1035 1862 1059 1905 b
1075 1877 1096 1905 c
1136 1862 1308 1904 efficiant
1348 1874 1470 1916 angu-

144 1928 230 1970 lum
268 1926 293 1969 b
323 1939 345 1968 c
374 1937 408 1966 e.
475 1923 659 1979 Denique
696 1927 738 1967 in
785 1937 937 1969 currant
977 1928 1073 1969 aliae
1111 1929 1234 1970 atomi
1274 1928 1370 1968 aeris
1411 1927 1472 1967 in-

146 1994 234 2035 loca
282 1988 491 2046 superficiei
522 1990 715 2046 Vtriusque
748 1992 955 2046 particulae
987 2005 1089 2048 poro
1123 1993 1153 2034 P
1186 1992 1371 2048 propiora
1407 2002 1472 2032 vs-

150 2070 225 2113 que
257 2055 304 2096 ad
327 2055 362 2112 f
387 2064 425 2095 et
447 2067 478 2108 g
496 2088 507 2107 ,
549 2067 691 2110 nempe
733 2056 860 2097 donec
901 2069 924 2099 a
964 2058 1159 2112 particulis
1200 2057 1369 2098 reflexae
1407 2057 1473 2097 via

150 2122 213 2164 sua
245 2118 453 2161 describant
486 2118 603 2164 lineas
635 2119 844 2164 efficientes
883 2122 1063 2178 angulum
1104 2123 1257 2181 apicem
1293 2121 1403 2164 suum
1444 2120 1473 2162 h

213 2185 338 2228 Tom.
373 2182 408 2227 1.
723 2185 763 2228 H
795 2184 825 2229 h
1419 2195 1473 2225 ex
