1820 2506
350 203 436 252 DE
465 198 645 252 MOTV
673 198 921 249 NODORV
921 199 976 247 M
1010 197 1213 250 LVNAE
1343 217 1435 258 419

131 337 232 383 oque
249 326 313 369 dat
330 336 484 368 motum
504 325 695 368 nodorum
713 324 900 379 medium3
921 323 1055 379 reliqui
1074 322 1246 378 termini,
1264 323 1328 379 qui
1337 336 1431 380 pen-

128 393 220 433 dent
239 393 285 433 ab
302 392 499 432 anomaliis
516 391 599 431 solis
618 399 656 431 et
675 390 795 443 lunae,
805 390 975 444 itemque
996 388 1136 430 horum
1144 402 1355 443 corporum
1366 389 1432 431 (itu

129 465 211 496 tum
231 457 330 496 inter
347 457 381 495 le
400 465 479 496 tum
498 454 666 508 respectu
682 454 805 494 lineae
823 454 1032 506 nodorum,
1048 452 1286 494 exhibebunt
1302 466 1434 494 corre-

129 519 275 560 &iones
293 518 371 559 loci
391 520 581 560 nodorum
603 518 721 559 medii
747 519 808 558 seu
835 518 913 558 eius
939 518 1203 572 aequationes,
1230 531 1319 572 quas
1342 530 1432 573 pet-

126 583 347 638 pendemus,
362 583 576 637 postquam,
588 592 742 623 motum
757 581 928 622 medium
944 581 1236 623 definiuerimus.
1257 582 1431 624 Primum

126 656 254 687 autem
272 646 396 700 posito
432 649 639 692 m::3600
658 679 668 699 ,
701 645 872 699 prodibit
902 655 1033 687 motus
1064 646 1257 695 nodorum
1284 647 1435 689 medius

127 719 302 764 tempore
320 710 429 750 vnius
446 711 533 750 anni
551 710 692 750 siderei:
712 722 803 750 cum
825 719 951 751 autem
970 710 1014 752 fit
1031 712 1176 758 2:13
1192 743 1202 762 ,
1223 713 1279 758 36
1287 717 1308 753 8
1318 721 1339 760 5
1359 711 1432 753 erit

131 773 414 829 1-5-fffizo,
443 777 500 823 96
503 777 658 824 98506
684 773 752 813 fiet
769 782 897 813 motus
922 774 1118 815 nodorum
1137 787 1281 815 annuus
1300 788 1430 829 2:19,

129 845 245 888 5878
264 838 450 892 graduum
467 839 507 878 in
525 838 804 889 antecedentia,
839 838 943 891 quod
958 838 1012 878 est
1029 852 1084 877 z
1098 844 1182 891 190,
1212 849 1234 886 3
1245 838 1302 891 5²,
1326 839 1432 880 16⁶.

124 901 294 943 Tabulae
326 911 453 942 autem
484 901 761 941 astronomicae
793 913 867 954 pro
900 900 977 941 hoc
1010 911 1190 954 tempore
1222 902 1308 955 plus
1348 915 1433 945 non

123 966 311 1006 exhibent
336 978 448 1018 quam
488 972 570 1015 190,
594 964 808 1018 20s‚32²',
838 963 999 1016 ideoque
1030 972 1161 1004 motus
1194 975 1246 1004 ex
1277 964 1431 1006 theoria

120 1028 294 1070 definitus
326 1028 470 1081 superat
501 1027 740 1067 obseruatum
779 1027 865 1078 14‘,
886 1028 995 1078 44s',
1037 1027 1099 1068 stau
1141 1027 1218 1068 eius
1247 1039 1356 1083 parte
1393 1036 1431 1081 ξ,

117 1091 205 1133 fere.
280 1090 511 1133 Differentia
553 1090 645 1130 haec
680 1091 791 1129 nimis
822 1091 976 1142 quidem
1010 1092 1148 1143 exigua
1188 1091 1242 1132 est
1259 1126 1271 1145 ,
1312 1106 1430 1148 quam

118 1165 164 1195 vt
196 1155 385 1195 theoriam
420 1155 459 1193 in
492 1153 743 1206 suspicionem
778 1153 964 1193 adducere
994 1153 1138 1207 poffit3
1174 1156 1331 1197 interim
1371 1167 1430 1198 ta-

119 1230 210 1259 men
243 1230 292 1257 eo
322 1218 440 1270 magis
474 1229 612 1269 operae
645 1217 811 1270 pretium
844 1217 896 1256 est
915 1216 1015 1258 hanc
1034 1218 1321 1272 discrepantiam
1339 1233 1425 1273 per-

120 1283 283 1336 pendere
302 1314 312 1332 ,
355 1281 457 1335 quod
500 1280 704 1322 Neutonus
748 1279 815 1319 suo
834 1312 845 1331 ,
893 1282 972 1334 quo
1022 1282 1142 1322 vtitur
1187 1283 1396 1324 ratiocinio
1414 1317 1426 1338 ‚

117 1357 206 1385 eum
240 1345 360 1398 ipsum
394 1354 544 1384 motum
581 1345 772 1384 nodorum
806 1344 981 1386 medium
1021 1346 1237 1400 adipiscitur
1256 1381 1267 1400 ,
1307 1360 1428 1404 quem

119 1409 393 1448 obseruationes
426 1408 623 1447 exhibent.
699 1405 924 1448 Confiderat
955 1419 1084 1449 autem
1119 1410 1288 1464 primum
1324 1411 1425 1454 orbi-

116 1481 194 1512 tam
213 1472 319 1512 lunae
353 1482 534 1525 tanquam
566 1471 800 1524 circularem,
834 1471 997 1526 hincque
1029 1473 1104 1514 sere
1136 1476 1302 1517 eundem
1337 1490 1428 1518 mo-

115 1545 196 1575 tum
228 1536 398 1576 medium
436 1536 549 1575 nimis
580 1548 763 1588 magnum
797 1536 948 1576 deducit
966 1569 976 1588 ,
1017 1550 1132 1590 quem
1173 1538 1239 1579 hic
1277 1541 1426 1582 inueni·

115 1611 227 1651 mus,
264 1595 322 1639 vti
355 1608 457 1652 patet
491 1612 542 1639 ex
577 1599 653 1638 eius
686 1611 799 1652 prop.
822 1601 970 1639 XXX.
990 1600 1054 1640 lib.
1077 1600 1152 1641 111.
1188 1605 1427 1657 propositio-

115 1675 163 1702 ne
196 1675 290 1702 vero
326 1664 496 1716 sequente
529 1662 592 1702 vbi
627 1662 769 1715 ellipsin
801 1664 839 1702 in
873 1663 1004 1703 locum
1039 1665 1171 1704 circuli
1210 1665 1425 1722 substituit,

116 1735 268 1766 motum
314 1728 484 1779 priorem
529 1726 708 1766 diminuit
750 1726 789 1767 in
830 1727 977 1766 ratione
1017 1728 1100 1767 axis
1140 1731 1338 1772 transuerfi
1379 1732 1426 1774 ad

115 1791 360 1839 coniugatum
394 1801 536 1840 nempe
568 1799 626 1836 70
662 1790 709 1830 ad
741 1792 799 1840 69
821 1822 832 1840 ,
865 1790 987 1844 sicque
1018 1791 1066 1832 ad
1096 1792 1315 1834 consensum
1334 1808 1427 1839 cum

115 1852 352 1904 experientia
386 1852 566 1903 proxime
605 1852 759 1892 accedit.
835 1853 1104 1908 Praeterquam
1145 1867 1275 1897 autem
1319 1861 1426 1914 quod

117 1915 244 1954 lunam
287 1917 323 1953 in
366 1914 512 1967 ellipfi,
555 1915 592 1953 in
634 1917 737 1955 cuius
773 1927 938 1967 centro,
983 1932 1062 1959 non
1093 1918 1185 1960 ibeo
1219 1921 1424 1980 alterutro,

118 1978 237 2032 posita
254 1979 296 2017 sit
329 1988 454 2029 terra,
489 1980 637 2018 moueri
672 1977 836 2030 assumit,
870 1982 911 2020 in
946 1995 1024 2034 quo
1058 1984 1141 2035 ipso
1178 1986 1225 2026 ab
1269 1991 1426 2042 experi-

116 2042 218 2081 entia
251 2042 390 2080 recedit
410 2075 420 2091 ,
455 2043 655 2093 integratio
690 2044 812 2085 nostra
844 2044 945 2085 clare
978 2048 1119 2088 euincit
1151 2060 1305 2096 motum
1341 2067 1427 2095 me.

118 2106 224 2147 diurn
261 2104 306 2148 ab
340 2105 573 2161 ellipticitate
605 2107 749 2149 orbitae
782 2108 920 2151 lunaris
953 2122 1034 2153 non
1052 2110 1156 2157 affici
1177 2126 1199 2169 3·
1223 2115 1251 2161 fi
1269 2118 1424 2174 qujjem

696 2169 865 2228 (ἕδεα
1326 2192 1428 2224 tem
