1820 2506
351 179 375 208 2
385 172 406 210 8
416 171 438 212 8
829 164 946 209 TEN
953 160 1172 209 TAMEN

498 284 623 326 tracto
654 283 695 325 in
725 284 914 339 temperie
947 285 1043 324 aeris
1069 282 1206 324 maiori
1239 282 1302 323 vel
1334 282 1479 341 aequali
1511 290 1663 339 tempe-

506 350 575 388 riei
609 362 726 403 aquae
743 382 754 402 ‚
789 361 839 389 ex
873 360 946 401 qua
978 346 1190 387 extrahitur
1207 379 1218 398 ‚
1251 347 1476 388 decrescere.

416 416 469 466 2)
503 411 659 456 Deinde
705 415 845 453 iterum
896 408 1060 451 crescere
1078 443 1089 464 ,
1140 411 1265 450 donec
1304 412 1531 465 temperiem
1570 413 1670 455 a'e'ris

504 477 701 517 ostendere
734 476 884 529 incipit.

420 538 471 598 3)
507 541 683 594 Tempus
701 572 712 592 ‚
746 552 823 593 quo
857 538 1018 579 altitudo
1060 537 1236 583 decrescit
1275 538 1424 579 breuius
1462 537 1539 584 effe
1556 540 1667 594 ‚tem-

502 616 598 659 pore
631 617 708 657 quo
740 604 879 643 iterum
912 603 1051 644 crescit.

418 668 472 720 4)
506 666 674 711 Simulac
706 666 1026 708 thermometrum
1060 680 1112 708 ex
1130 679 1224 720 aqua
1257 666 1473 708 extractum
1505 667 1676 707 eundem>

504 731 670 772 ostendit
710 729 901 784 gradum‚‘
952 744 1067 785 quem
1115 733 1182 771 a'e’r
1199 763 1209 782 ,
1248 732 1361 771 etiam
1402 730 1672 778 thermometri

502 794 659 835 bulbum
692 795 832 836 siccum
866 793 954 838 effe.
992 795 1025 841 §.
1049 798 1090 833 6.
1128 796 1161 842 §.
1189 802 1227 836 8.

428 856 478 917 5)
497 858 697 915 Quamdiu
732 871 830 899 vero
872 858 1198 903 thermometrum
1241 871 1291 898 ex
1325 871 1419 912 aqua
1458 856 1673 902 extractum

495 934 577 962 non
609 922 773 962 ostendit
805 925 1032 976 temperiem
1066 925 1180 974 aeris,
1215 918 1361 962 tamdiu
1396 921 1552 964 bulbum
1570 920 1677 976 ther:

498 987 684 1027 mometri
718 985 930 1042 humidum
951 985 1037 1027 effe.
1074 987 1107 1035 §.
1130 1000 1171 1035 9.

425 1048 479 1106 6)
513 1050 552 1090 Α
585 1049 663 1090 sola
704 1049 992 1089 humectatione
1032 1062 1125 1103 ergo
1168 1050 1267 1104 oriri
1293 1047 1510 1090 descensum
1541 1047 1676 1088 descri-

510 1122 622 1165 ptum
664 1113 841 1151 mercurii
880 1114 919 1150 in
954 1113 1236 1152 thermometro
1254 1146 1265 1165 ‚
1306 1125 1423 1165 eaque
1456 1112 1677 1164 quomodo-

511 1187 661 1228 cunque
707 1174 805 1215 faeta
850 1173 1065 1215 descensum
1113 1174 1196 1215 fieri
1215 1208 1226 1227 ‚
1276 1184 1314 1214 et
1351 1175 1677 1219 thermometrum

512 1238 651 1279 siccum
682 1239 872 1279 redditum
906 1238 1104 1279 ostendere
1138 1239 1368 1292 temperiem
1403 1239 1510 1278 ae'ris.
1604 1246 1607 1247 ’

429 1301 480 1361 7)
513 1301 747 1344 Descensum
796 1302 899 1343 hunc
946 1303 1124 1347 mercurii
1171 1303 1293 1345 modo
1331 1304 1520 1344 maiorem
1558 1301 1682 1344 modo

513 1368 710 1408 minorem
743 1364 829 1407 effe.

515 1432 537 1480 §
589 1443 657 1470 11.
694 1430 851 1485 Saepius
886 1431 1002 1471 etiam
1042 1430 1235 1471 obseruaui
1276 1431 1601 1474 thermometrum
1641 1429 1682 1471 in

369 1498 457 1537 a‘e‘re
491 1494 614 1535 libero
647 1495 845 1535 ostendere
879 1496 1036 1548 gradum
1071 1497 1257 1548 quendam
1291 1494 1387 1535 infra
1412 1495 1570 1548 gradum
1591 1505 1685 1533 con.

369 1559 605 1614 glaciationis
638 1570 753 1611 aquae
785 1571 873 1598 cum
907 1557 1110 1611 tempestas
1143 1557 1311 1612 pluuiosa
1351 1569 1391 1598 et
1408 1558 1542 1599 mitior
1576 1557 1686 1597 vide-

370 1624 491 1663 batur.
562 1620 683 1661 Subiit
722 1622 893 1662 animum
935 1621 987 1661 ob
1016 1621 1280 1662 humiditatem
1315 1621 1597 1662 thermometro
1621 1620 1686 1661 ad-

371 1687 594 1728 haerentem
628 1684 747 1725 simile
778 1685 867 1739 quid
900 1684 964 1725 hic
999 1684 1139 1726 factum
1173 1695 1212 1725 et
1243 1685 1569 1725 thermometrum
1605 1697 1687 1725 non

374 1746 576 1791 ostendisse
610 1761 751 1789 veram>
776 1749 869 1788 aeris
901 1749 1139 1802 temperiem.
1209 1747 1350 1790 Similis
1383 1748 1593 1788 obseruatio
1634 1748 1688 1789 est

375 1812 506 1854 Celcb.
526 1811 676 1855 Krafftii
711 1813 751 1852 in
786 1813 1058 1865 experimentis
1090 1812 1256 1866 physicis
1289 1813 1359 1855 suis
1393 1826 1432 1866 p.
1473 1824 1575 1862 204.
1621 1812 1689 1852 vbi

374 1878 528 1919 scribit:
563 1877 607 1919 Si
639 1875 934 1918 thermometrum
971 1876 1081 1918 libero
1122 1890 1190 1918 are
1232 1872 1517 1931 quaquauelfitm
1553 1879 1687 1918 cin-um

377 1944 500 1984 datum
535 1952 645 1995 neque
686 1940 763 1983 ‘illi
788 1940 852 1982 aliz·
886 1944 1028 1996 mpori
1059 1943 1285 1995 contiguum,
1319 1941 1412 1994 quod
1441 1939 1542 1981 calor
1543 1953 1600 1981 em
1617 1939 1687 1982 ali-

379 2018 482 2061 quem
518 2005 570 2047 illi
601 2004 676 2046 lm
649 2017 734 2058 §11²²
758 2006 898 2060 poss
837 2012 868 2045 t
920 2002 975 2060 su
977 2006 1197 2060 φεηαάίιιν,
1241 2011 1277 2045 et
1318 2017 1415 2059 aqua
1458 2005 1501 2045 ob
1539 1997 1733 2070 eandem'l

381 2070 525 2121 cassam
566 2081 633 2109 non
674 2066 764 2123 vaffe
804 2071 1030 2111 c'ontineatm
1048 2101 1059 2122 ,
1087 2065 1162 2124 sed
1195 2070 1233 2111 in
1273 2068 1382 2111 linteo
1421 2069 1559 2120 tenuiſj
1560 2081 1614 2109 mo
1655 2073 1694 2108 et

1576 2126 1688 2193 ‚puns-
