1820 2506
357 199 443 235 160
627 194 710 238 DE
745 192 1125 256 ρῑἎΝΤῑΤΑΤΕ
1158 190 1399 239 cAroms

479 313 537 370 5.)
579 314 697 356 Varia
736 316 776 356 in
815 315 975 357 secunda
1017 313 1116 354 Tab.
1159 315 1429 367 experimenta
1459 314 1579 366 magis
1613 322 1675 352 re-

354 378 547 431 spondent
577 393 672 420 meo
707 380 857 420 calculo
874 412 884 431 ‚
918 391 1032 432 quam
1069 375 1217 417 Clariff.
1255 376 1404 417 Krafftii
1437 388 1477 417 et
1510 378 1537 417 si
1571 376 1675 416 ther—

354 445 544 484 mometri
577 454 617 484 et
650 443 745 483 vafis
776 443 888 484 simul
930 442 1089 482 habetur
1129 442 1226 481 ratio
1245 473 1256 493 ,
1292 450 1337 480 vt
1371 438 1460 481 Col:
1495 440 1588 482 vn.
1608 439 1676 491 fit,

357 506 474 547 etiam
508 507 547 547 in
590 508 746 547 caeteris
778 506 1056 559 experimentis
1097 505 1262 545 calculus
1299 517 1408 545 meus
1449 505 1495 544 ad
1541 505 1677 558 gradus

353 572 714 624 experimentorum
748 570 907 623 propius
940 569 1106 622 accedit,
1126 582 1168 609 ac
1186 569 1263 610 fine
1282 567 1353 608 hac
1363 568 1673 608 consideratione.

491 635 527 683 ξ.
569 647 638 673 10.
674 633 732 673 Vt
762 635 927 674 rationes
960 632 1104 674 horum
1138 632 1497 687 phaenomenorum
1516 632 1568 672 ob
1585 643 1676 671 ocu-

350 696 413 738 los
446 710 635 752 ponamus
653 731 665 751 ,
699 698 958 752 inquiramus,
1006 710 1056 738 an
1094 699 1135 739 in
1167 697 1447 750 experimentis
1480 696 1513 737 I.
1550 705 1591 735 et
1620 693 1675 735 ΙΙ,

352 761 426 802 dae
445 763 520 803 tab.
538 762 736 816 capiendis
751 761 942 816 disparitas
974 762 1160 816 quaedam
1191 770 1383 812 occurrat,
1418 760 1481 800 cui
1514 758 1587 800 hae
1621 759 1679 800 di·

351 824 585 881 screpantiae
620 826 775 867 attribui
808 823 982 880 possint?
1013 826 1209 882 Quantum
1243 836 1318 876 ego
1353 824 1508 878 quidem
1534 823 1676 877 perspi-

351 900 442 930 cere
477 890 594 930 valeo
609 923 621 942 ,
653 890 801 930 nullam
835 890 947 931 aliam
967 922 977 942 ,
1013 899 1059 930 vt
1100 891 1178 930 iam
1219 888 1327 942 supra
1367 889 1547 941 ingenere
1588 900 1676 928 mo-

352 954 447 1007 nui,
489 952 651 994 offendo
691 954 945 1008 disparitatem
965 986 976 1004 ‚
1020 967 1134 1008 quam
1177 953 1280 1007 quod
1318 953 1358 992 in
1400 952 1680 1006 experimentis

351 1016 451 1058 Tab.
489 1016 522 1058 I.
558 1018 730 1059 minores
762 1018 872 1058 fluidi
901 1015 1044 1059 maffae
1078 1017 1268 1058 adhibitae
1302 1015 1466 1069 suerint,
1499 1017 1538 1056 in
1553 1028 1660 1069 expe

353 1082 531 1122 rimentis
563 1081 748 1122 secundae
780 1082 929 1122 tabulae
969 1082 1136 1122 maiores
1153 1115 1164 1134 ,
1206 1089 1252 1120 vt
1291 1092 1345 1120 ex
1388 1081 1681 1134 comparatione

352 1157 605 1186 numerorum
639 1142 730 1185 Col.
770 1157 810 1184 1.
847 1157 899 1185 ex
932 1144 967 1186 Ι.
1002 1153 1044 1183 et
1076 1145 1167 1185 IIda
1214 1144 1314 1184 Tab.
1361 1152 1482 1197 patet.
1554 1141 1678 1184 Maffa

353 1209 473 1250 mixti
513 1209 554 1249 in
587 1209 863 1263 experimento
896 1207 931 1249 Ι.
969 1208 1116 1263 primae
1149 1207 1224 1248 tab.
1264 1207 1319 1248 est
1359 1207 1525 1261 quinque
1567 1220 1679 1247 men-

352 1272 521 1315 surarum
554 1272 621 1314 vel
654 1280 699 1322 7}
728 1273 820 1327 digt.
858 1272 943 1313 cub.
1012 1271 1170 1313 Deinde
1203 1273 1243 1312 in
1285 1271 1585 1324 subsequentibus
1606 1284 1681 1312 ex-

351 1338 577 1392 perimentis
609 1337 741 1379 crescit
779 1334 898 1378 maffa
930 1335 1078 1391 semper
1110 1349 1184 1377 vna
1217 1336 1410 1388 mensura,
1444 1344 1489 1375 vt
1521 1336 1678 1376 tandem

352 1403 394 1443 in
427 1401 571 1443 vltimo
603 1402 880 1456 experimento
913 1399 981 1441 fiat
1019 1415 1075 1451 14
1106 1400 1380 1441 mensurarum.
1446 1397 1547 1440 Cum
1575 1412 1679 1440 nunc

352 1465 628 1508 thermometri
661 1476 703 1506 et
736 1466 831 1507 vasis
864 1463 983 1506 maffa
1014 1463 1129 1505 facile
1163 1464 1205 1505 sit
1249 1471 1293 1515 εξ
1337 1464 1441 1517 digit.
1485 1464 1570 1504 cub.
1615 1464 1680 1504 vel

353 1531 467 1570 vnius
498 1539 537 1570 et
578 1531 763 1571 dimidiae
801 1529 1024 1580 mensurae,
1059 1538 1103 1568 vt
1146 1528 1406 1582 suppofiiimus
1440 1528 1489 1576 (ξ.
1532 1535 1598 1579 8),
1639 1529 1679 1566 in

355 1594 629 1648 experimento
663 1595 794 1648 primo
826 1594 935 1633 calor
967 1593 1084 1633 mixti
1118 1591 1320 1632 nonsolum
1355 1592 1584 1631 distribuitur
1611 1603 1681 1644 per
1723 1622 1727 1627 .

356 1659 527 1712 quinque
561 1659 751 1699 mensuras
782 1657 842 1697 sed
876 1658 995 1697 etiam
1028 1669 1096 1709 per
1128 1668 1247 1696 vnam
1278 1654 1493 1695 mensuram
1529 1666 1568 1695 et
1600 1656 1681 1695 eius

355 1723 560 1763 dimidiam
592 1722 666 1762 scil.
703 1722 797 1762 vasis
831 1730 870 1762 et
901 1720 1173 1761 thermometri
1192 1717 1365 1760 massam.
1433 1718 1679 1759 Mafsamix-

357 1787 387 1827 ti
421 1788 462 1826 in
497 1787 771 1840 experimento
805 1785 838 1826 Ι.
875 1785 1057 1825 secundae
1099 1783 1196 1823 Tab.
1245 1784 1297 1823 est
1340 1783 1478 1836 viginti
1519 1784 1679 1823 duarum

356 1850 619 1892 mensurarum
653 1849 717 1890 vel
752 1861 822 1897 33.
858 1850 965 1903 digit.
1007 1849 1091 1889 cub.
1137 1849 1177 1888 in
1219 1847 1515 1901 subsequentibus
1555 1860 1678 1900 expe-

358 1915 531 1956 rimentis
571 1913 706 1954 crescit
746 1915 896 1967 semper
934 1913 1075 1953 duabus
1117 1911 1298 1953 mensuris
1317 1945 1327 1964 ,
1367 1920 1412 1950 vt
1451 1911 1604 1952 tandem
1640 1912 1681 1950 in

357 1978 502 2019 vltimo
543 1979 821 2032 experimento
863 1976 931 2018 fiat
972 1981 1030 2015 60
1074 1978 1333 2018 mensurarum
1367 1974 1432 2014 vel
1475 1988 1530 2023 90
1568 1976 1677 2028 digit.

357 2041 445 2082 cub.
512 2041 559 2082 In
593 2043 706 2082 tantis
737 2041 860 2083 maffis
893 2041 1000 2081 calor
1034 2054 1112 2080 non
1146 2040 1273 2092 potuit
1308 2049 1385 2079 tam
1402 2038 1616 2079 sensibiliter
1640 2040 1676 2078 in

357 2117 480 2161 paruo
513 2108 701 2161 temporis
733 2105 955 2157 interuallo,
987 2116 1066 2159 quo
1097 2104 1408 2158 experimentum
1444 2103 1579 2155 fiebat,
1613 2103 1679 2142 de-

1595 2178 1675 2207 cre-
