1820 2506
363 204 458 244 280
497 195 579 242 DE
626 192 863 243 INSIGNI
902 192 1265 240 PARADOXSO
1313 191 1578 249 PHYSICO,

361 318 532 362 broeckii
564 319 605 359 in
636 316 777 358 introd.
814 316 862 357 de
894 313 1137 357 cohaerentia
1168 325 1378 369 corporum
1397 349 1407 369 ‚
1441 329 1472 367 4
1477 325 1532 365 50
1568 312 1679 356 libra-

360 396 447 424 rum
496 382 715 423 Amstelod.
765 380 831 422 vel
872 387 960 430 418
1004 390 1020 428 ξ
1061 378 1186 419 librar.
1231 378 1357 420 Lond.
1422 380 1545 432 pofita
1582 378 1679 419 libra

361 447 485 488 Amst.
524 447 570 487 ad
603 446 736 487 libram
772 445 899 485 Londi
933 443 991 484 vti
1026 455 1080 493 93
1116 444 1162 484 ad
1201 457 1300 483 100.
1368 440 1469 483 Cum
1507 440 1682 484 mensura

360 512 548 553 Rlieiiana
588 511 632 552 fit
672 510 717 550 ad
757 507 973 549 mensuram
1005 507 1133 548 Lond.
1170 518 1215 549 vt
1252 519 1337 558 139
1373 509 1419 548 ad
1457 517 1539 555 135
1563 539 1573 558 ‚
1608 509 1679 548 erit

363 572 427 614 1¹II
457 575 586 617 Rheii.
624 587 680 613 z
718 568 829 619 103V
862 571 990 613 Lond.
1026 573 1146 612 ferme
1165 605 1177 625 ,
1218 582 1256 613 et
1289 573 1379 613 hinc
1411 571 1526 611 sectio
1559 569 1616 611 fili
1632 572 1679 612 ad

356 640 451 680 axin
494 638 677 679 normalis
723 632 865 684 8332V
901 646 947 677 [i.
1014 637 1175 693 Quoties
1209 636 1302 677 haec
1335 636 1452 676 sectio
1486 635 1526 674 in
1561 634 1680 689 plano

358 702 593 744 coliaefionis
628 699 824 752 290311113
862 702 1107 752 continetur,
1150 702 1261 741 toties
1295 701 1539 740 continentur
1573 702 1681 749 418}

354 768 471 807 librae
512 766 639 806 Lond.
684 767 724 806 in
766 777 930 806 numero
971 765 1151 805 librarum
1195 764 1461 805 cohaesionem
1494 764 1681 817 parietum

354 830 533 885 sphaerae
566 831 810 884 exprimente
850 836 1075 880 1548120.
1143 828 1426 882 Atmosphaera
1467 829 1682 884 ponitiirjn

356 896 539 949 pollicem
568 893 697 934 Lond.
740 894 962 947 quadratum
987 894 1169 947 :premere
1211 893 1385 946 pondere
1420 901 1489 940 15.
1522 897 1554 938 ῖς
1594 892 1679 934 libr.

354 958 484 999 Londi
504 957 594 998 hinc
610 956 748 1011 preffio
763 957 1097 1010 atmosphaeraein
1107 956 1311 996 sedtionem
1323 955 1540 1009 capacitatis
1548 955 1683 1010 sphae-

354 1034 417 1063 rae
457 1022 671 1062 maximam
715 1022 788 1062 erit
834 1027 920 1070 508
965 1021 1050 1062 libr.
1092 1019 1220 1060 Lond.
1264 1020 1397 1061 ferme.
1463 1019 1567 1060 Hinc
1601 1029 1684 1062 tota

354 1085 557 1127 resistentia
588 1097 686 1138 quae
719 1097 837 1137 aquae
853 1084 1051 1137 gelascenti
1074 1084 1120 1124 fit
1138 1084 1192 1124 est
1213 1096 1295 1134 145
1309 1088 1424 1127 8628
1444 1083 1529 1123 libr.
1550 1083 1682 1127 Lond.

354 1150 517 1199 circiter,
536 1148 563 1187 fi
574 1147 751 1187 cohaesio
768 1146 857 1186 ferri
865 1147 930 1187 fufi
937 1147 1098 1200 ponitur
1107 1146 1264 1199 aequalis
1273 1147 1491 1187 cohaesioni
1498 1146 1584 1187 terri
1593 1148 1682 1188 cufi.

353 1212 495 1254 Pressio
529 1209 746 1265 gelascentis
779 1223 897 1265 aquae
939 1211 981 1250 in
1013 1209 1224 1251 sestionem
1257 1209 1477 1265 capacitatis
1508 1208 1686 1264 sphaerae

353 1278 571 1319 maximam
613 1267 774 1324 3'318111
808 1284 839 1314 [i
876 1275 1092 1328 comparari
1127 1274 1251 1329 potest
1284 1287 1374 1316 cum
1408 1273 1597 1328 preffione
1630 1283 1685 1316 at-

352 1340 602 1396 mosphaerae
646 1340 685 1380 in
718 1338 917 1394 aequalem
960 1338 1200 1393 superficiem
1220 1372 1232 1392 ,
1266 1352 1360 1393 quae
1393 1338 1445 1379 est
1488 1346 1574 1388 508
1596 1338 1683 1380 libr.

352 1406 480 1447 Lond.
549 1404 618 1446 Est
659 1404 750 1444 hinc
793 1403 932 1458 preffio
977 1416 1095 1457 aquae
1132 1403 1350 1457 gelascentis
1392 1404 1433 1444 in
1472 1403 1683 1445 sectionem

352 1469 567 1524 capacitatis
599 1467 778 1523 sphaerae
811 1469 1028 1509 maximam
1062 1467 1109 1508 ad
1127 1467 1359 1522 pressionem
1396 1467 1685 1521 atmosphaerae

348 1533 391 1576 in
424 1533 619 1587 aequalem
653 1544 779 1572 aream
813 1541 859 1572 vt
895 1534 1104 1582 1458628
1139 1532 1186 1572 ad
1223 1538 1309 1581 508
1333 1564 1343 1583 ,
1385 1540 1431 1572 vt
1468 1538 1580 1580 2871
1637 1530 1684 1572 ad

355 1610 374 1637 1
412 1598 545 1639 ferme.
611 1594 652 1638 Si
685 1595 841 1637 tandem
874 1595 1077 1636 volumina
1110 1594 1204 1635 aeris
1235 1604 1431 1649 ponuntur
1463 1595 1503 1634 in
1535 1594 1685 1635 ratione

348 1661 492 1703 inuersa
527 1661 671 1701 virium
705 1659 1051 1713 comprimentium
1070 1692 1082 1712 ‚
1117 1671 1180 1698 aer
1211 1659 1250 1698 in
1285 1658 1379 1698 tubo
1411 1658 1537 1698 vitreo
1571 1671 1684 1698 com-

347 1725 540 1781 pressione
576 1737 694 1779 aquae
727 1723 945 1777 gelascentis
985 1725 1024 1763 in
1057 1732 1205 1777 partem
1239 1722 1447 1763 voluminis
1483 1728 1599 1771 2871
1623 1736 1684 1763 re-

347 1791 483 1832 ductus
516 1788 571 1830 est
590 1822 600 1841 ,
634 1788 702 1829 nisi
735 1787 771 1828 se
803 1796 969 1828 torturae
1003 1787 1092 1827 huic
1123 1786 1343 1826 subduxerit
1384 1797 1454 1839 per
1487 1798 1607 1840 poros
1623 1787 1685 1827 vi-

346 1856 395 1896 tri
428 1854 496 1895 vel
530 1853 744 1906 mercurii3
781 1864 895 1908 quare
928 1852 1021 1892 vitri
1055 1850 1239 1905 purissimi
1276 1849 1501 1891 densitatem
1535 1849 1683 1904 supera-

345 1920 447 1959 verit
473 1915 669 1959 necessum
703 1917 769 1957 est.
822 1914 878 1957 Si
912 1915 999 1956 ferri
1039 1914 1106 1957 fusi
1141 1924 1271 1956 tamen
1315 1913 1495 1954 cohaesio
1529 1915 1686 1968 ponitur

347 1984 395 2022 ad
430 1982 706 2023 cohaesionem
742 1981 828 2021 fierri
861 1980 937 2021 cufi
979 1990 1024 2021 vt
1061 1994 1079 2020 1
1099 1992 1147 2020 :2
1170 2012 1180 2031 ,
1216 1979 1254 2020 in
1290 1987 1440 2032 partem
1475 1979 1685 2020 voluminis

351 2057 469 2096 1435
526 2048 591 2085 aer
643 2044 813 2086 redactus
851 2045 925 2085 dici
967 2045 1099 2096 debet,
1139 2042 1410 2098 discrepantiae
1445 2042 1554 2084 huius
1597 2040 1682 2084 Cel.

344 2109 469 2152 Hales
501 2109 693 2151 rationem
724 2106 896 2151 habuiffe
938 2120 1020 2150 non
1053 2115 1223 2164 apparet„
