1820 2506
305 158 768 210 OBSESVATIONES
801 162 885 206 AN
889 162 966 206 AT
967 161 1201 209 OMICAE
1330 177 1353 217 3
1364 179 1385 219 5
1397 179 1418 219 5

103 283 303 338 superficie
322 318 332 337 ,
369 285 512 325 ibidem
545 284 822 338 duplicaturum
854 284 968 325 durae
999 284 1130 324 matris
1162 296 1184 324 a
1202 281 1237 323 se
1254 284 1423 325 inuicem

107 347 288 402 separaui.
357 350 490 391 Restat
509 362 601 403 ergo
618 349 776 391 dubium
796 382 807 402 ,
840 349 1033 389 undenam
1052 347 1192 389 scilicet
1211 348 1276 388 illa
1293 361 1426 389 mem-

106 412 260 455 brana?
302 427 349 454 an
396 414 449 454 est
488 427 572 468 pars
613 413 813 468 peculiaris
845 413 885 453 in
915 411 996 453 ,hoc
1029 411 1191 454 homine
1224 410 1425 454 connata?

109 489 159 518 an
194 491 290 519 vero
325 492 346 518 a
379 477 526 519 summa
558 478 865 519 inflammatione
914 475 1131 530 superficies
1170 477 1318 517 interna
1373 477 1422 518 fic

105 542 251 596 integra
292 542 463 593 secessit,
522 551 568 583 vt
625 543 889 584 membranam
930 542 1141 582 mentiatur
1159 574 1170 594 ,
1202 542 1262 582 vti
1279 555 1300 582 a
1337 551 1426 583 cute

109 604 310 648 cuticula?
343 619 392 647 an
426 607 540 647 aueo
573 615 716 659 motu,
758 606 843 646 vasti
882 606 1048 646 nimium
1088 605 1242 646 dilatata
1275 605 1426 647 crassio-

109 682 170 711 res
207 671 389 712 humores
431 670 717 711 transmiierunt
766 668 904 710 serosos
922 701 933 722 ‚
968 670 1033 724 qui
1063 669 1218 710 collecti
1252 669 1427 711 adhaese-

108 742 198 777 runt
231 736 401 775 internae
433 735 548 776 durae
582 736 715 777 matris
745 732 987 788 superficiei,
1019 743 1056 773 et
1091 734 1205 774 borea
1237 743 1277 774 et
1309 734 1425 788 frigo-

106 812 150 843 re
182 798 468 852 superueniente
485 834 496 852 ‚
539 800 639 854 quasi
672 800 713 839 in
754 811 876 840 vnum
916 798 1089 840 concreti
1145 798 1242 838 hanc
1284 798 1428 840 forma·

108 861 281 904 verunt?
317 865 374 904 vti
407 865 579 905 videmus
597 897 608 916 ,
644 863 833 918 quosdam
866 862 1050 903 humores
1084 864 1124 902 in
1142 862 1308 915 lagenis,
1345 875 1427 904 non

104 927 178 967 rite
236 928 395 969 occlusis
444 929 619 982 inprimis
638 959 649 979 ‚
701 925 927 967 contrahere
987 926 1027 966 in
1074 926 1268 980 superiore
1318 936 1429 980 parte

107 993 352 1045 mucaginem
371 1025 382 1045 ,
416 1005 513 1046 quae
544 992 623 1032 abit
655 991 695 1032 in
728 989 959 1044 pelliculam.
1013 986 1091 1029 Sed
1126 988 1189 1030 hic
1222 989 1331 1031 datur
1348 991 1430 1032 ae'ri

105 1054 290 1097 acceffus:
311 1058 351 1097 in
369 1057 441 1096 rite
457 1056 586 1097 clausis
603 1055 906 1109 phaenomenon
931 1053 1037 1093 idem
1059 1052 1293 1106 obseruatur,
1321 1063 1430 1109 patet

106 1121 147 1160 in
165 1121 398 1173 omphacio:
419 1119 479 1160 sed
501 1119 707 1174 particulae
725 1118 867 1158 ibide-m
887 1117 1162 1158 constituentes
1176 1120 1258 1158 sunt
1275 1120 1428 1172 solidae,

112 1184 204 1223 tales
223 1185 304 1225 fiint
336 1193 376 1223 et
410 1183 572 1224 vltimae
605 1182 828 1223 fluidorum.
895 1181 961 1222 An
980 1181 1096 1223 docet
1113 1181 1191 1222 hoc
1219 1182 1261 1222 in
1287 1183 1431 1224 dextro

112 1246 232 1289 solum
269 1247 386 1288 latere
419 1247 625 1301 praesentia
643 1279 654 1298 ‚
689 1245 850 1287 absentia
877 1247 916 1286 in
934 1243 1117 1286 finistro3
1150 1258 1197 1285 an
1216 1246 1432 1301 superficies

110 1313 313 1352 cerebrum
346 1311 514 1365 spenans
548 1309 753 1351 holoserici
785 1310 899 1350 instar
931 1309 1064 1350 villosa
1095 1309 1272 1352 floccidis
1312 1311 1433 1354 rubris

109 1376 282 1418 tenuibus
299 1409 312 1431 ‚
343 1375 451 1417 facile
484 1375 649 1418 deciduis
675 1408 686 1430 ‚
721 1375 827 1420 idem
861 1371 1060 1418 affirmat}

555 1476 781 1519 Obseruatio
812 1474 983 1516 secunda.

262 1539 310 1584 In
344 1540 589 1583 Nosocomio
623 1541 829 1584 Maritimo
864 1538 1159 1592 Petropolitano
1203 1537 1321 1580 Miles
1354 1537 1433 1580 cla-

110 1603 248 1645 ffiarius
274 1637 286 1659 ‚
335 1606 399 1659 qui
440 1605 584 1647 ibidem
625 1614 788 1660 propter
829 1603 1013 1646 morbum
1046 1603 1297 1659 epilepticum
1317 1636 1328 1655 ,
1363 1613 1433 1657 per

111 1681 232 1711 annos
265 1668 404 1723 hospes
435 1667 558 1712 fuerat
577 1703 588 1721 ,
622 1671 663 1711 in
697 1668 780 1725 ipio
824 1668 961 1711 insultu
1002 1668 1100 1709 adeo
1144 1667 1318 1709 violento
1337 1700 1348 1719 ,
1386 1674 1432 1708 vt

111 1742 237 1776 motus
269 1732 489 1786 spasmodici
525 1735 643 1776 totius
679 1734 853 1787 corporis
887 1733 960 1774 vix
980 1745 1049 1787 per
1068 1740 1232 1785 quatuor
1256 1730 1431 1774 robustos

114 1796 307 1839 ministros
339 1797 587 1837 retinerentur
606 1830 616 1850 ,
651 1810 699 1837 ne
733 1797 769 1839 se
802 1798 850 1839 de
868 1797 970 1839 letto
997 1796 1175 1838 deiiceret
1195 1828 1205 1847 ,
1238 1807 1302 1837 me
1320 1807 1429 1849 prae-

114 1859 213 1900 sente
230 1893 241 1913 ,
275 1860 397 1903 vnico
430 1871 634 1903 momento
655 1894 665 1913 ‚
702 1861 802 1914 quasi
832 1861 995 1904 fulmine
1025 1860 1145 1905 taetus
1163 1893 1174 1913 ,
1208 1859 1306 1901 inter
1339 1859 1433 1904 hor-

115 1925 246 1966 rendas
279 1924 502 1967 intorfiones
520 1958 531 1976 ,
598 1925 776 1979 exspirat.

253 1986 359 2030 Duas
393 1989 476 2042 post
509 1999 679 2031 mortem
714 1989 827 2030 horas
858 1989 988 2042 aperio
1021 1990 1179 2034 cadauer
1199 2021 1209 2041 ,
1243 1988 1282 2028 in
1326 2000 1435 2030 mor·

116 2062 154 2099 te
190 2052 298 2091 faciei
333 2051 570 2097 lineamentis
603 2055 716 2096 etiam
753 2054 962 2094 inordinati
1011 2063 1136 2096 motus
1179 2051 1317 2095 effecta
1366 2053 1433 2097 de-

119 2116 262 2161 clarans
281 2150 292 2170 ,
326 2129 511 2176 nusquam
541 2127 669 2162 tamen
701 2117 861 2158 liuidum
882 2151 892 2170 ,
927 2117 1059 2175 spuma
1093 2117 1216 2162 adhuc
1252 2129 1295 2160 os
1336 2117 1430 2156 obfi-

697 2182 737 2224 Y
759 2194 785 2239 y
807 2195 830 2224 2.
1320 2181 1432 2223 dente
