1820 2506
368 210 454 247 118
613 201 882 246 ΕΧΑΜἘΝ
912 196 1204 245 ARTIFICH
1236 198 1410 244 NAVIS

361 331 406 362 et
439 321 582 362 ascensu
616 329 721 362 retro
754 321 942 376 pellentes
976 319 1087 362 simul
1119 317 1263 360 sumtae
1293 316 1467 372 aequales
1485 324 1596 358 erunt
1617 317 1682 369 vi,

362 399 435 439 qua
475 387 582 426 nauis
622 386 669 426 ab
710 387 790 426 ictu
832 384 1044 425 antrorsum
1084 383 1315 436 propellitur
1401 382 1542 436 Neque
1590 392 1683 434 ergo

363 448 443 489 hoc
484 462 636 503 quoque
680 449 761 489 casu
804 449 852 488 ab
893 447 1183 501 impulsionibus
1222 444 1380 502 penduli
1425 447 1513 486 naui
1558 455 1692 486 motus

362 513 612 566 progreffiuus
645 513 772 552 induci
805 512 964 564 poterit.

515 577 549 625 §.
591 588 660 614 22.
699 576 809 631 Quae
842 573 1027 615 haetenus
1059 574 1110 614 de
1141 572 1318 630 pendulis
1348 571 1581 627 simplicibus
1605 570 1687 612 sunt

362 640 638 690 demonstrata,
665 639 717 679 ita
768 651 858 679 cum
891 638 977 692 lege
1008 638 1172 692 quadam
1207 637 1499 678 constantissima
1534 643 1690 674 naturae

364 704 571 745 coniuncta
600 703 780 743 videntur
796 735 809 755 ,
848 710 896 742 vt
930 703 1007 743 iam
1040 713 1114 756 pro
1146 711 1256 742 certo
1275 701 1467 741 affirmare
1485 699 1688 753 poss'muS,

361 768 403 808 in
444 767 620 822 pendulis
661 779 815 820 quoque
859 765 1050 820 quibusuis
1090 765 1320 819 compositis
1360 771 1521 805 eandem
1564 763 1687 816 perfe-

364 831 469 872 ‹stam
512 830 777 884 aequalitatem
811 830 912 869 inter
942 830 1045 869 vires
1076 828 1340 882 propellentes
1372 841 1418 867 ac
1458 827 1689 881 repellentes

362 894 643 949 deprehensum
677 895 736 933 iri.
804 893 923 949 Quod
957 893 1024 933 etsi
1057 905 1111 932 ex
1143 902 1276 933 natura
1316 891 1439 932 centri
1480 891 1689 932 oscillatio-

362 959 422 999 nis
458 957 567 998 facile
601 957 748 997 ostendi
781 955 909 1011 poffet
927 989 939 1008 ,
974 966 1105 996 tamen
1161 957 1299 996 ceteris
1350 964 1505 995 naturae
1545 955 1689 1007 legibus

363 1029 446 1063 tam
481 1022 634 1062 videtur
669 1020 968 1061 consentaneum
987 1053 998 1073 ,
1033 1030 1079 1060 vt
1120 1020 1256 1076 primis
1290 1018 1541 1060 mechanicae
1581 1019 1690 1072 prin-

364 1086 480 1139 cipiis
511 1085 656 1126 merito
688 1085 735 1126 fit
767 1085 1109 1125 annumerandum.
1177 1083 1518 1139 Quemadmodum
1537 1094 1630 1135 ergo
1650 1082 1708 1121 in'

363 1148 615 1203 pressionibus
632 1181 645 1200 ,
682 1148 742 1188 {eu
776 1149 922 1189 viribus
954 1149 1118 1187 mortuis
1149 1147 1295 1187 affloni
1336 1147 1484 1200 semper
1524 1145 1691 1199 aequalis

362 1221 404 1253 et
436 1212 627 1253 contraria
658 1211 837 1263 reaffio,
873 1213 925 1251 ita
957 1224 1111 1265 quoque
1142 1208 1179 1250 in
1224 1210 1520 1263 percuffionibus
1561 1208 1693 1249 smilis

362 1276 569 1330 aequalitas
594 1276 729 1316 locum
756 1274 890 1327 habet,
918 1275 1023 1328 quod
1048 1287 1097 1314 eo
1121 1276 1250 1315 minus
1265 1273 1330 1323 ‚est
1353 1274 1583 1325 mirand1m,
1602 1284 1693 1313 cim

364 1339 556 1395 quaelibet
581 1338 769 1393 percuffio
795 1339 842 1378 ad
869 1337 1074 1396 pressiones
1099 1339 1269 1378 reuocari
1296 1348 1418 1391 queat.
1465 1337 1550 1378 Plus
1568 1338 1694 1390 itaque

363 1405 507 1445 virium
535 1403 694 1457 quilibet
719 1402 816 1443 ic'tus
839 1403 1027 1457 praestare
1057 1403 1207 1455 nequit,
1234 1415 1350 1456 quam
1369 1402 1585 1442 admoti-m
1605 1414 1691 1441 cor-

364 1480 510 1522 porum
529 1467 794 1507 collidentium
813 1467 1069 1519 generandum
1088 1466 1308 1519 requiritur,
1329 1475 1439 1519 atque
1457 1465 1692 1505 hancobrcm

365 1543 477 1571 naues
503 1543 583 1571 non
612 1531 732 1570 solum
759 1529 837 1570 hoc
865 1531 986 1570 modo
1012 1528 1283 1569 Bernoullia'no
1309 1529 1477 1582 propelli
1505 1542 1583 1567 non
1604 1527 1690 1581 pos-

364 1595 460 1648 sunt,
479 1594 541 1635 sed
558 1605 796 1648 quaecunque
815 1593 909 1633 aliae
926 1592 1245 1644 machinationes,
1265 1604 1359 1645 quae
1380 1601 1483 1631 totae
1504 1593 1589 1631 naui
1610 1591 1693 1632 lunt

365 1658 526 1699 inclusae
551 1657 719 1712 nullique
736 1658 917 1712 principo
934 1667 1100 1697 externo
1118 1657 1348 1707 innituntur,
1368 1668 1486 1709 aeque
1503 1664 1614 1695 crunt
1633 1656 1691 1696 in-

366 1722 493 1775 vtiles‚
513 1734 637 1776 neque
659 1722 813 1762 nauibus
831 1722 953 1762 vllum
970 1731 1123 1761 motum
1139 1721 1361 1773 imprimere
1378 1719 1569 1759 valebunt.

525 1786 559 1835 §.
597 1796 667 1833 23.
703 1783 881 1826 Stabilito
915 1785 1029 1838 igitur
1058 1783 1136 1824 hoc
1170 1784 1364 1837 principio
1395 1783 1558 1823 viciss'm
1599 1783 1691 1824 eius-

366 1851 476 1892 modi
522 1850 761 1904 problemata
802 1848 988 1888 resoluere
1028 1848 1242 1902 poterimus
1260 1880 1270 1899 ,
1315 1859 1419 1901 quae‘
1449 1847 1535 1886 alias
1576 1846 1697 1888 solutu

365 1914 486 1968 longe
517 1913 640 1954 futura
674 1910 794 1954 effent
827 1911 1067 1953 difficillima.
1136 1912 1207 1952 Vti
1240 1912 1268 1952 fi
1300 1910 1699 1965 pendulrm‘superius

367 1989 565 2032 praeterea
604 1978 715 2018 fuerit
758 1977 891 2017 flexile
910 2014 922 2034 ⁷
966 1986 1077 2031 atque
1116 1989 1198 2016 non
1247 1976 1288 2014 in
1331 1974 1473 2014 circulo
1523 1975 1581 2015 sed
1625 1975 1697 2015 alia

369 2054 591 2095 quacunque
628 2042 732 2081 linea
773 2054 884 2081 curua
922 2050 1150 2091 moueatur,
1191 2048 1460 2092 praetereaque
1493 2038 1697 2080 resistentia

371 2105 515 2159 aliaque
533 2114 662 2145 motus
682 2105 960 2157 impedimenta
996 2103 1190 2154 affuerint,
1228 2115 1320 2156 quae
1339 2115 1396 2142 res
1420 2103 1605 2144 calculum
1639 2103 1697 2142 in-

369 2168 618 2226 superabilem
634 2169 860 2223 redderent3
888 2167 952 2208 vel
967 2167 996 2209 fi
1014 2167 1086 2209 alia
1100 2179 1342 2222 quaecunque
1358 2166 1539 2208 machina
1556 2168 1595 2208 in
1612 2167 1697 2206 naui

1601 2242 1696 2271 cone
