1820 2506
843 163 873 222 )(
917 179 974 218 42
1010 163 1042 223 )(

284 293 381 337 quae
412 280 582 322 celeritas
614 287 716 321 tanta
735 312 746 333 ,
778 288 824 321 vt
856 279 1031 321 consueta
1065 278 1317 333 remigatione
1358 281 1432 322 vix
1480 280 1607 322 maior

286 347 452 388 obtineri
491 344 614 399 poffif
624 379 635 398 ‚
676 345 842 398 huicque
884 345 1002 398 longe
1043 344 1282 386 anteferenda
1300 377 1311 398 ,
1344 354 1385 385 et
1418 346 1604 387 maximo

287 423 376 452 cum
419 410 541 451 fruetu
574 411 683 450 venti
726 408 817 450 loco
858 408 1070 449 adhibenda
1089 441 1100 461 ,
1141 409 1275 462 prouti
1314 408 1425 451 fufius
1466 408 1601 450 Celeb.

289 475 452 517 Eulerus
484 475 662 515 ostendit.

407 538 519 580 Dum
554 548 682 580 autem
714 535 924 578 considerat
943 568 954 588 ‚
989 534 1090 578 lianc
1131 537 1342 579 vtilitatem
1375 537 1491 579 nimis
1523 551 1606 580 ma-

288 616 406 659 gnam
438 602 516 644 effe
549 604 589 644 in
623 616 664 644 re
695 602 843 642 nautica
858 633 869 654 ,
901 613 1017 655 quam
1047 611 1093 642 vt
1127 602 1192 643 diu
1225 603 1348 643 latere
1391 598 1578 657 potuiffet
1595 635 1608 657 ‚

288 668 507 723 praesertim
559 670 650 708 dum
695 678 777 706 non
817 665 1030 706 admodum
1071 665 1292 707 abscondito
1341 666 1607 708 mechanismo

288 734 529 773 contineatur
547 764 557 783 ,
593 741 632 771 et
664 731 755 771 ideo
789 729 842 769 ob
874 728 992 783 ipsam
1037 732 1336 772 commodorum
1380 730 1607 784 magnitudi-

291 810 385 838 nem
421 797 463 837 in
496 796 744 850 suspicionem
778 795 973 844 incurrat,
1008 807 1105 848 quae
1138 794 1259 836 adhuc
1288 804 1485 850 augeatur,
1503 795 1610 850 quod
1659 846 1661 848 q

289 861 494 915 descriptio
526 860 636 901 liuius
668 859 819 899 artificii
853 867 1002 899 tantum
1038 859 1079 900 in
1113 860 1303 914 opusculis
1322 859 1533 914 posthumis
1550 871 1608 900 re-

291 926 471 980 periatur,
505 917 751 965 nec'viuente
785 924 874 963 viro
908 923 952 963 sit
985 924 1196 977 deuulgata.
1266 925 1370 966 Hinc
1399 924 1610 966 admodum

290 989 492 1044 probabile
511 989 663 1031 videtur
695 990 825 1029 virum
860 987 970 1027 beate
1003 987 1244 1041 destinctiim,
1278 988 1345 1029 nifi
1376 988 1425 1029 de
1449 986 1612 1029 successu

290 1053 389 1094 felici
432 1053 510 1108 ipse
543 1050 764 1105 dubitasset,
800 1064 880 1092 non
912 1052 1120 1094 celaturum
1154 1052 1260 1093 fiiiffe
1294 1061 1443 1094 tantum
1476 1054 1612 1094 inuen-

292 1126 377 1158 tum
397 1151 408 1169 ,
445 1118 551 1173 quod
585 1118 765 1158 omnibus
807 1117 885 1157 eius
927 1118 1079 1171 reliquis
1119 1117 1284 1159 inuentis
1303 1151 1315 1172 ,
1355 1117 1500 1158 etiamsi
1541 1116 1613 1157 sint

290 1183 495 1236 maxima,
531 1182 706 1237 palmam
738 1181 1013 1236 praeripuisset.

408 1248 659 1305 Quapropter
710 1246 805 1285 nihil
856 1246 891 1283 se
942 1246 1088 1286 meritis
1130 1245 1270 1286 summi
1311 1245 1386 1285 viri
1424 1245 1615 1286 detractu-

292 1316 380 1352 rum
414 1310 609 1360 confidit,
647 1310 672 1350 si
705 1309 1044 1361 demonstrauerit,
1078 1308 1299 1350 huiusmodi
1333 1309 1494 1364 penduli
1528 1309 1614 1350 ieci-

292 1375 361 1417 bus
391 1376 477 1416 naui
513 1374 660 1414 nullum
695 1373 843 1427 prorsus
874 1385 1030 1412 motum
1073 1374 1258 1425 imprimi.

410 1439 468 1479 Vt
510 1447 637 1478 autem
677 1437 918 1489 inuestigatio
960 1436 1165 1476 effectuum
1209 1436 1368 1490 penduli
1399 1437 1614 1478 commode

293 1509 497 1558 peragatur
525 1535 535 1555 ,
578 1502 737 1542 definire
774 1512 936 1541 conatur
964 1535 974 1554 ,
1017 1510 1200 1555 quantum
1249 1502 1355 1542 nauis
1389 1515 1409 1541 a
1443 1502 1614 1555 pendulo

294 1578 398 1609 retro
430 1576 561 1621 agatur
579 1600 590 1619 ,
624 1568 715 1606 dum
753 1565 944 1605 descendit
971 1578 1041 1619 per
1058 1565 1318 1619 quadrantem,
1338 1566 1475 1606 deinde
1491 1567 1613 1607 istum

296 1631 536 1684 considerat,
571 1644 650 1684 quo
684 1621 786 1670 nauis
838 1630 1064 1683 propellitur
1083 1662 1095 1682 ,
1129 1639 1359 1684 motumque
1378 1663 1389 1683 ,
1424 1632 1489 1684 qui
1524 1631 1619 1671 naui

296 1708 454 1750 proram
488 1696 611 1735 versus
642 1695 905 1748 imprimitur,
939 1695 1074 1734 exuite
1117 1694 1347 1735 determinat
1387 1703 1425 1735 et
1456 1695 1614 1735 tindem

295 1760 482 1814 despicit
518 1770 648 1799 Vtrum
670 1760 773 1800 mnis
792 1758 904 1812 post-q
906 1771 994 1798 uam
1029 1757 1242 1812 pendulum
1276 1757 1491 1812 recesserit,
1527 1772 1615 1800 mo-

297 1833 381 1866 tum
416 1824 555 1864 habeat
588 1823 776 1877 reliquum
812 1822 1020 1863 antrorsum
1056 1823 1244 1863 directum
1264 1836 1333 1863 nec
1355 1836 1418 1876 ne,
1437 1833 1478 1863 et
1495 1836 1615 1877 quan-

299 1897 356 1929 tus
397 1889 427 1929 is
468 1888 514 1930 sit
559 1887 719 1928 futurus.
796 1886 850 1928 Et
897 1887 1078 1940 quoniam
1120 1896 1249 1929 motus
1280 1886 1391 1927 huius
1423 1888 1615 1941 reciproci

298 1953 600 2004 determinatio,
634 1952 661 1993 fi
694 1950 921 1991 resistentiae
955 1964 1070 2005 aquae
1103 1953 1292 1992 rationem
1327 1950 1467 1992 habere
1501 1951 1613 1992 volu-

299 2016 383 2059 iss‘et
409 2050 419 2069 ,
448 1985 632 2058 maximio
660 2015 824 2055 difficilis
857 2015 979 2055 futura
1013 2012 1136 2055 suisset
1155 2049 1165 2067 ,
1200 2016 1299 2056 haud
1336 2017 1411 2056 sine
1462 2015 1615 2056 calculo

300 2081 566 2125 molestifl'imo
616 2080 854 2134 expedienda
885 2112 896 2132 ,
938 2080 1053 2134 igitur
1093 2078 1209 2120 aliam
1251 2081 1357 2122 viam
1400 2079 1614 2122 faciliorem

1519 2155 1613 2198 pro·
