1820 2506
375 196 399 236 3
410 197 428 226 1
441 189 464 230 8
686 183 961 229 HISTORIA
1002 181 1258 236 ANATOM
1264 188 1285 230 I
1288 185 1366 230 CA

524 305 594 346 Vti
627 305 666 344 in
698 303 873 345 foeminis
891 337 902 356 ,
942 303 1050 344 auCta
1082 301 1189 342 mole
1206 335 1217 353 ,
1259 303 1401 344 clitoris
1418 336 1429 355 ,
1463 303 1515 344 ita
1549 303 1588 345 in
1620 303 1683 344 vi-

378 371 441 423 ris,
483 378 632 424 praeter
671 378 904 409 memoratas
936 368 1100 407 rationes
1118 399 1129 418 ,
1163 365 1306 406 sulcum
1340 367 1476 407 scilicet
1507 368 1546 407 in
1580 369 1685 422 peri-

378 446 477 475 naeo
495 466 507 485 ,
558 432 620 472 vel
660 432 770 472 stroti
810 429 979 472 fiffuram
999 462 1009 482 ‚
1050 430 1276 485 quandoque
1329 429 1474 471 deflectu
1519 433 1686 484 partium

378 497 502 537 oritur
538 496 764 537 deformatio
807 496 849 535 in
880 494 1116 548 genitalibus,
1149 495 1253 534 vnde
1283 493 1341 543 illi
1374 493 1695 547 Hermaphroditi

378 561 594 601 creduntur.
663 561 784 601 Rarus
825 558 981 599 habetur
999 590 1011 610 ,
1052 567 1091 598 et
1130 556 1279 597 forsitan
1324 558 1365 597 in
1399 556 1553 597 historia
1585 568 1693 598 natu·

380 623 451 664 rali
494 625 672 677 nusquam
710 631 860 678 notatus
878 655 889 674 ,
939 621 1040 670 casus
1083 631 1241 675 quatuor
1273 620 1477 662 hominum
1511 618 1687 662 Sibirico-

378 699 464 729 rum
498 700 550 728 ex
585 687 730 728 duobus
760 687 975 739 parentibus
1006 694 1185 725 natorum
1205 718 1216 738 ,
1249 685 1382 725 eadem
1413 683 1549 725 exacte
1584 685 1687 737 geni-

378 752 512 792 talium
562 751 837 792 deformatione
894 750 1154 804 praeditorum
1179 781 1191 800 ,
1242 750 1302 789 vti
1352 748 1454 788 recte
1499 757 1692 789 memorat

380 812 442 854 Cl.
486 813 717 867 Gmelinus,
756 814 820 867 qui
854 815 998 867 primus
1039 813 1114 852 hos
1152 813 1191 851 in
1225 813 1345 865 patria
1376 812 1501 863 vidit,
1541 812 1694 852 exami-

372 879 484 919 nauit
502 910 514 929 ,
554 888 594 918 et
627 877 937 918 accuratiffimam
998 877 1167 929 partium
1224 875 1446 928 genitalium
1503 875 1693 915 deforma-

378 949 504 981 tarum
537 940 827 995 descriptionem
868 941 914 980 ad
946 939 1196 979 Academiam
1228 939 1340 978 misit.
1407 938 1476 979 Ex
1505 951 1578 992 qua
1596 950 1694 993 ope-

377 1017 441 1046 rae
474 1005 641 1058 pretium
675 1004 797 1044 visum
829 1005 911 1056 fuit,
946 1016 999 1043 ex
1029 1000 1164 1042 Sibiria
1195 1002 1265 1042 hos
1300 1001 1478 1042 homines
1503 1001 1695 1055 Petropo-

377 1066 434 1107 lin
476 1067 657 1108 accersere
675 1099 685 1118 ‚
727 1067 796 1106 vbi
838 1077 877 1106 et
916 1067 1004 1106 illos
1043 1078 1173 1105 coram
1213 1066 1423 1106 Academia
1454 1066 1693 1106 examinaujt

377 1138 416 1168 et
449 1130 633 1182 descripfit
664 1127 746 1168 Cel.
782 1128 965 1168 Wildius.
1032 1128 1236 1180 Vtriusque
1269 1129 1537 1168 accuratissima
1553 1129 1697 1181 genita-

376 1192 512 1233 talium
554 1191 851 1232 deformat-arum
893 1191 1091 1244 descriptio
1130 1190 1230 1230 inter
1268 1189 1305 1230 se
1337 1191 1474 1231 collata
1514 1192 1697 1232 conuenit

376 1255 461 1298 satis
492 1255 654 1310 pulchre
674 1288 685 1307 ,
718 1255 901 1295 sententia
934 1264 1062 1295 tamen
1093 1254 1232 1294 diuersa
1264 1253 1317 1294 est
1331 1254 1378 1294 de
1393 1254 1611 1295 definiendo
1641 1255 1698 1295 se-

379 1330 449 1360 xu.
514 1320 589 1360 Pro
629 1317 843 1360 foeminino
893 1318 963 1358 stat
1005 1315 1068 1357 Cl.
1111 1315 1299 1370 Gmelin‚
1344 1320 1579 1359 contrarium
1624 1330 1694 1372 op-

379 1384 494 1437 ponit
527 1381 610 1424 Cel.
622 1383 815 1436 Wildius;
851 1391 1012 1436 vterque
1029 1381 1088 1422 sua
1106 1381 1228 1422 attulit
1259 1392 1492 1435 argumenta,
1527 1382 1695 1423 aliorum

380 1444 623 1501 Scriptorum
642 1448 758 1487 etiam
784 1446 1005 1487 auctoritate
1023 1445 1184 1486 firmata.
1250 1443 1542 1487 Differtationes
1567 1455 1694 1488 autem

380 1509 454 1550 hae
487 1512 719 1564 prolixiores
766 1523 787 1550 a
816 1511 961 1562 magnis
1010 1509 1072 1559 his⁴
1109 1509 1211 1549 Viris
1253 1521 1333 1549 non
1373 1511 1412 1548 in
1445 1522 1533 1550 eum
1573 1508 1694 1550 finem

379 1573 585 1627 descriptae
632 1572 714 1613 sunt
732 1605 743 1624 ,
794 1582 837 1612 vt
877 1572 1163 1626 publicarentur
1181 1604 1192 1624 ,
1242 1572 1367 1611 multo
1415 1574 1538 1613 minus
1592 1571 1694 1613 hisce

376 1637 663 1678 commentariis
682 1636 939 1676 insererentur.
1005 1634 1178 1676 Sufficiet
1196 1647 1287 1688 ergo
1305 1634 1414 1675 Beati
1433 1635 1694 1676 Weitbrechti

380 1702 535 1755 prima,
577 1709 615 1741 et
655 1699 791 1740 vltima
831 1699 1020 1753 inquisltio
1061 1699 1146 1752 post
1177 1700 1385 1739 triennium
1425 1700 1596 1753 repetita,
1630 1710 1696 1740 vt-

382 1774 478 1819 pote
496 1776 591 1818 quae
608 1764 808 1809 continent
826 1796 836 1815 ,
870 1762 1184 1804 accuratissimam
1207 1762 1315 1802 slmul
1333 1772 1371 1802 et
1390 1763 1542 1803 breuem
1562 1763 1678 1803 deseri

381 1829 569 1883 ptionem.
639 1827 763 1867 Prima
792 1827 944 1881 quidem
963 1827 1002 1866 in
1021 1826 1238 1867 definiendo
1269 1825 1357 1866 sexu
1372 1826 1543 1878 ambigua
1561 1859 1572 1878 ‚
1603 1825 1692 1867 alte-

381 1904 434 1944 ra,
477 1893 517 1931 in
553 1891 794 1945 prouedtiore
846 1899 966 1931 aetate
1007 1891 1054 1930 de
1095 1890 1185 1930 sexu
1225 1890 1362 1930 certior
1380 1922 1390 1940 ,
1424 1889 1616 1930 concludit
1647 1891 1695 1931 ad

380 1955 641 1998 masculinum.
710 1954 870 1999 Interim
904 1966 983 1997 non
1016 1952 1182 2007 poffum,
1216 1954 1304 2007 quin
1336 1953 1411 1993 hoc
1431 1954 1576 1993 addam.
1612 1953 1696 1994 Mi-

381 2030 447 2058 ror
478 2020 614 2059 scilicet
634 2052 643 2070 ‚
676 2018 739 2059 lite
771 2028 854 2059 orta
886 2018 932 2057 de
966 2017 1056 2058 sexu
1075 2051 1085 2070 ,
1119 2017 1222 2071 quod
1255 2017 1300 2056 ad
1320 2017 1417 2057 hanc
1449 2029 1693 2071 componen-

381 2081 469 2127 dam
488 2114 499 2135 ,
531 2083 595 2123 vel
626 2082 754 2125 saltem
787 2083 832 2123 ad
864 2081 1087 2123 sententiam
1134 2079 1303 2125 alteram,
1332 2080 1558 2123 firmandam
1579 2113 1590 2134 ,
1624 2093 1694 2120 ne-

1620 2155 1692 2187 mo
