1820 2506
383 213 469 254 290
495 197 753 245 ΤΕΝΤΑΜ.
774 192 1687 248 EXPLICANDI‚PRAENOMPARAD

521 321 556 369 ξ.
597 331 666 368 14.
704 319 854 361 Oborta
886 319 939 359 est
969 318 1128 371 suspicio
1159 317 1298 360 similes
1326 323 1499 364 materias
1550 324 1589 364 in
1624 325 1690 364 ae·

377 398 419 426 re
451 393 541 425 tunc
576 384 762 436 temporis
796 379 970 423 volitaffe
990 414 1001 434 ,
1033 393 1128 436 quae
1163 382 1314 423 iunctae
1347 386 1529 425 cuticulae
1562 399 1690 439 aquae,

377 461 453 502 qua
493 446 703 488 obduemm
737 456 816 487 erat
856 446 1180 487 thermometrum
1198 478 1208 498 ,
1246 448 1357 500 frigus
1399 448 1663 500 produxerunt
1681 480 1693 501 ‚

379 512 484 566 quod
518 512 748 552 mercurium
782 511 822 550 in
857 509 1142 551 thermometro
1181 509 1403 551 descendere
1434 512 1576 564 coe'git.
1635 512 1694 552 Vt

379 588 463 617 rem
497 575 703 616 stabilitum
734 575 830 614 irem
849 606 860 627 ,
893 575 1035 615 tentaui
1068 575 1274 628 vaporibus
1304 573 1387 615 salis
1420 573 1585 615 volatilis
1615 577 1695 616 vri-

380 653 452 681 nae
474 673 486 693 ,
520 638 591 680 ΕιΙε
621 637 771 679 volatili
803 638 867 678 sub
898 638 1169 680 thermometri
1202 638 1321 679 bulbo
1361 639 1400 679 in
1441 638 1605 692 quadam
1638 639 1695 680 di-

379 703 514 745 stantia
547 703 675 756 pofito
692 735 704 756 ‚
738 702 942 744 cuticulam
977 715 1135 758 aqueum
1170 702 1439 744 thermometri
1468 702 1696 756 refrigerare,

379 778 417 808 at
450 767 596 808 nullam
631 766 722 808 hinc
763 768 1018 808 mutationem
1040 800 1050 819 ,
1092 779 1223 822 quam(
1253 765 1397 821 speraui
1439 774 1568 807 tamen
1594 797 1606 820 ,
1643 766 1699 808 fa·

380 831 484 873 stam
518 827 594 872 effe
628 831 792 885 ingenue
826 830 1031 871 confiteor.

529 896 563 944 ξ.
604 904 673 943 15.
719 895 880 936 Interim
921 905 1051 935 tamen
1071 926 1082 947 ,
1124 894 1211 948 quia
1254 906 1334 935 non
1374 892 1525 949 semper
1563 893 1697 936 eadem

379 958 547 1000 mutatio
564 991 576 1011 ,
610 959 637 999 si
672 959 990 1012 experimentum
1026 958 1228 999 instituitur
1245 992 1256 1011 ,
1288 959 1411 998 oritur
1428 991 1439 1011 ,
1474 957 1536 1000 sed
1574 960 1699 1000 modo

380 1025 510 1066 minor
544 1023 669 1063 modo
701 1023 824 1063 maior
841 1055 851 1075 ‚
886 1032 925 1062 et
956 1023 1122 1063 mutatio
1155 1022 1251 1062 haec
1292 1019 1499 1062 necefl‘ario
1540 1022 1587 1062 ab
1626 1022 1699 1064 hu-

379 1088 560 1129 miditate
592 1087 759 1140 pendeat
776 1118 788 1138 ,
821 1099 866 1126 ea
898 1098 996 1126 vero
1024 1086 1173 1139 semper
1205 1086 1338 1126 eadem
1383 1086 1590 1140 quantitate
1633 1087 1701 1127 ad-

380 1151 534 1192 haereat
551 1181 563 1202 ,
596 1149 673 1189 scil.
710 1161 753 1189 ea
773 1181 784 1201 ,
817 1160 914 1201 quae
953 1148 1073 1188 bulbo
1112 1148 1385 1189 thermometri
1425 1149 1593 1189 eiusdem
1632 1149 1700 1191 ad-

381 1213 537 1256 haerere
580 1212 705 1267 potest
731 1246 742 1266 ,
794 1210 899 1252 causa
946 1212 1166 1253 mutationis
1214 1224 1265 1252 ex
1315 1220 1423 1266 parte
1472 1211 1512 1252 in
1560 1212 1703 1254 consti-

383 1279 532 1319 tutione
583 1279 682 1318 ae‘ris
733 1276 936 1318 ambientis
985 1275 1100 1316 latere
1151 1276 1312 1317 videtur.
1394 1275 1434 1317 Is
1472 1287 1569 1316 vero
1609 1288 1700 1320 cum

381 1343 542 1384 calidior
577 1341 621 1383 fit
654 1354 747 1396 aqua
783 1349 821 1381 et
854 1338 1104 1395 nihilominus
1133 1337 1242 1381 faciat
1259 1373 1271 1394 ,
1308 1348 1350 1381 vt
1383 1340 1592 1381 mercurius
1635 1341 1701 1382 de-

381 1406 533 1448 scendat
558 1439 569 1458 ,
621 1406 745 1447 modo
794 1405 880 1459 plus
928 1404 1051 1446 modo
1097 1405 1224 1445 minus
1249 1437 1260 1457 ,
1308 1403 1490 1459 peculiari
1537 1405 1699 1447 materia

380 1470 587 1524 frigorifica
629 1470 753 1511 modo
801 1468 946 1510 minori
996 1468 1121 1509 modo
1169 1469 1310 1509 maiori
1358 1469 1565 1522 quantitate
1613 1481 1699 1522 gra-

380 1535 492 1576 vidus
533 1531 611 1574 effe
656 1534 809 1574 videtur
828 1566 838 1585 ,
870 1545 967 1586 quae
999 1545 1088 1572 cum
1121 1532 1285 1573 cuticula
1317 1545 1435 1587 aquea
1465 1543 1698 1574 concurrens

380 1596 564 1652 refrigerii
600 1597 709 1639 huius
743 1598 847 1637 causa
878 1593 954 1636 effe
994 1596 1134 1650 potest.

499 1662 567 1703 An
598 1663 637 1702 in
671 1663 758 1702 ae're
793 1659 877 1701 salia
910 1660 998 1701 talia
1031 1660 1198 1701 volitent
1230 1659 1296 1700 vel
1327 1660 1443 1701 etiam
1477 1659 1571 1700 tales
1613 1673 1698 1701 ma-

381 1728 497 1768 teriae
530 1738 626 1780 quae
670 1724 853 1767 concursu
894 1723 977 1764 salia
1019 1723 1106 1764 talia
1148 1723 1375 1765 constituere
1415 1722 1568 1777 poffint,
1602 1737 1699 1777 quae

381 1804 472 1833 cum
506 1803 599 1845 aqua
634 1788 897 1831 concurrentia
930 1788 1040 1842 frigus
1074 1789 1287 1842 producere
1318 1797 1484 1841 queant,
1519 1797 1560 1828 et
1601 1800 1695 1843 qua-

382 1854 435 1898 lia
467 1855 561 1898 haec
594 1852 701 1900 sint}
736 1852 927 1909 chymicis
965 1852 1246 1896 diiudicandum
1306 1851 1491 1908 relinquo.

1584 2152 1633 2196 C.
1651 2151 1703 2200 G⁶
