1820 2506
518 185 738 232 SPECIM
739 184 820 232 EN
852 183 1092 233 PRIMVM
1118 226 1121 229 .
1382 202 1484 244 303·

145 321 236 351 vam
277 307 362 348 satis
408 308 626 350 adcuratam
667 308 847 349 inducere
866 343 877 363 ,
919 308 1266 364 quemadmodum.
1311 309 1472 352 ›nouissi—

143 387 209 416 me
240 372 406 414 fabricati
441 374 520 413 tubi
552 374 791 414 newtoniani
824 384 864 414 et
884 376 1098 428 gregoriani
1127 375 1293 415 docent.
1351 373 1473 416 Con·

143 439 248 479 ducit
281 447 407 478 tamen
427 470 438 489 ‚
473 438 500 478 fi
516 439 635 479 radius
667 435 938 492 sphaericitatis
972 438 1142 494 speculi,
1173 444 1364 493 ‘quantum
1384 438 1480 483 fieri*

144 503 270 557 potest
308 535 319 554 ‚
379 502 527 556 superet
575 503 723 543 radium
780 502 1056 557 sphaericit'atis-
1117 503 1210 544 vitri
1269 504 1467 546 obiectiui.

142 567 251 607 Alias
285 567 392 606 enim
425 567 631 619 longitudo
672 567 752 607 tubi
784 568 1001 609 sensibiliter
1028 580 1194 622 'augetur
1226 569 1292 608 vel
1323 571 1469 611 minui-

140 640 214 671 tur.
284 627 538 670 Contrahitur
586 630 769 671 nimirum
818 642 892 685 per·
936 632 1131 686 speculum
1169 644 1380 674 concauum
1425 642 1465 675 et

141 695 343 748 elongatur
381 706 451 746 per
480 705 688 734 conexum.
758 694 806 735 In
839 695 968 749 prioriv
1002 694 1097 737 casu
1118 698 1274 750 augetur
1310 698 1473 752 quidem:

140 759 287 799 claritas
329 749 472 797 obieffl
514 756 574 798 sed
607 759 793 799 minuitur
825 761 883 800 vis
917 772 1057 814 augens
1097 760 1192 801 tubi.
1259 761 1306 803 In
1338 761 1470 815 poste·

137 822 231 863 riori
262 820 344 861 casu
377 821 487 861 tubus
520 823 693 875 quidemr
709 824 828 877 magis
867 834 980 878 auget
1023 826 1256 874 diametrum
1290 826 1433 866 obied'ti
1451 844 1473 879 ,ι

138 884 200 926 sed
249 885 386 938 paullo
423 884 614 926 obscurius
654 887 747 928 illud
789 888 880 928 fistit
899 915 925 939 ,=
953 890 1018 928 cui÷
1046 898 1178 928 tamen
1213 902 1287 942 pei·
1318 891 1471 930 vitrum

137 948 290 990 oculare
340 949 495 989 maioris
543 949 623 990 soei
671 949 778 991 facile
814 949 1062 992 succurritur.
1126 951 1464 1006 :Magnitudinem

134 1012 294 1068 speculi·
311 1014 551 1054 determinat*
571 1013 705 1055 steansss
735 1010 864 1068 anguli
896 1014 1083 1057 (emireffi
1124 1017 1170 1057 ad
1202 1017 1352 1058 radium
1371 1017 1469 1058 dia-

135 1078 251 1120 metri
286 1088 485 1132 aperturae
518 1079 609 1118 vitri
642 1079 838 1119 obiectiui.
877 1080 1064 1134 Reliquae
1097 1078 1335 1122 difficultates
1375 1093 1468 1125 om-

135 1154 201 1183 nes
232 1154 301 1195 per
334 1142 550 1181 adcuratam
582 1142 783 1182 machinae
815 1142 1106 1196 dispositionem
1139 1145 1341 1185 euitantur.

285 1205 319 1253 ξ.
345 1217 414 1244 21.
453 1204 710 1246 Indicabimus
749 1218 902 1260 quoque
942 1209 1073 1261 paucis
1114 1208 1371 1250 differentiam
1403 1209 1464 1250 in-

136 1277 194 1309 ter
232 1269 420 1310 nostram·
442 1269 647 1310 michinae
679 1270 970 1312 adornationem
1012 1280 1052 1312 et
1084 1271 1184 1312 inter
1223 1272 1475 1325 g-rauesandb

135 1345 260 1373 anam.
329 1334 435 1375 Haec
478 1334 517 1373 in
552 1345 602 1374 eo
636 1334 803 1376 consistit
844 1344 890 1375 vt
928 1334 983 1391 1)
1025 1336 1066 1376 in
1098 1336 1225 1378 nostra
1266 1336 1461 1390 dispositio

133 1396 272 1450 speculi
320 1408 360 1438 et
407 1397 603 1451 horologii
654 1412 725 1452 per
774 1398 884 1440 huius
922 1411 1079 1442 motum
1120 1413 1202 1442 non
1235 1409 1316 1442 tam
1349 1400 1459 1442 facile

133 1462 276 1502 turbari
315 1471 436 1516 queat.
476 1461 525 1517 2)
591 1460 861 1504 Grauefandius
893 1477 990 1518 opus
1030 1464 1146 1506 habet
1184 1465 1364 1519 peculiari
1397 1466 1462 1505 in-

134 1524 347 1566 strumento
366 1559 376 1578 ,
413 1528 516 1580 quod
550 1527 761 1580 pofitorem
794 1539 913 1567 vocat
933 1561 943 1580 ,
977 1530 1084 1569 cuius
1115 1541 1194 1582 ope
1226 1529 1340 1569 situm
1372 1528 1458 1583 spe-

133 1589 206 1630 culi
241 1591 468 1631 determinat
488 1622 498 1641 ,
533 1591 625 1632 dum
659 1590 763 1632 hunc
794 1591 1007 1645 positorem
1039 1594 1079 1633 in
1105 1593 1232 1646 quauis
1265 1606 1366 1633 noua
1384 1592 1458 1634 dis-

135 1653 326 1708 positione
373 1652 600 1695 sulcimento
641 1655 781 1709 speculi
822 1657 996 1710 imponit
1038 1656 1207 1711 illudque
1239 1657 1286 1697 ad
1319 1656 1453 1697 distan-

135 1718 229 1758 tiam
259 1717 415 1758 secantis
449 1718 710 1760 declinationis
730 1753 740 1770 ,
775 1733 871 1775 quae
901 1721 941 1762 in
976 1720 1145 1775 positore
1178 1720 1366 1774 designata
1386 1721 1453 1774 est,

136 1781 184 1822 ab
217 1793 292 1821 axe
325 1780 519 1834 horologii
552 1793 728 1825 remouet
747 1817 757 1837 ‚
798 1797 873 1839 qua
912 1785 1137 1839 prolixitate
1167 1786 1207 1825 in
1240 1785 1365 1826 nostra
1396 1785 1452 1826 sum

136 1842 328 1899 persedere
361 1842 571 1898 possumus.
610 1845 662 1902 3)
698 1848 861 1902 Propter
892 1850 1072 1902 exiguam
1105 1849 1218 1889 nimis
1248 1848 1374 1889 furcae
1391 1849 1453 1890 in-

137 1908 230 1948 dicis
268 1908 509 1950 altitudinem
547 1912 671 1952 radius
712 1912 752 1952 in
793 1914 937 1953 minori
979 1914 1176 1955 altitudine
1206 1914 1315 1966 supra
1346 1912 1455 1954 hori-

135 1981 294 2013 zontem
327 1974 529 2015 meridiem
570 1977 696 2017 versus
726 1975 1018 2018 horizontaliter
1055 1978 1169 2032 plane
1201 1977 1347 2019 reflecti
1382 1989 1453 2018 ne-

135 2037 220 2090 quit
238 2069 248 2089 ,
299 2048 392 2089 quae
433 2038 594 2081 dire&io
642 2050 769 2081 tamen
810 2041 1050 2094 potissimum
1090 2042 1328 2083 desideratur.
1396 2039 1454 2098 4)

135 2097 436 2144 Grauesandiana
476 2113 635 2160 propter
666 2105 981 2150 immobilitatem
1023 2106 1157 2151 circuli
1188 2106 1332 2151 horarii
1362 2119 1450 2149 mo-

1397 2178 1455 2211 tui
