1820 2506
370 178 459 218 270
779 169 862 212 DE
895 163 1067 211 MOTV
1097 164 1262 212 AERIS

793 281 1162 363 Experientia
1207 303 1251 338 1.

515 376 552 412 8.
594 383 661 412 10.
697 370 778 412 Aer
808 373 847 412 in
880 370 1018 410 fodinis
1050 368 1217 424 qualibet
1249 368 1341 408 anui
1373 369 1593 423 tempestate
1611 370 1680 412 ha-

363 437 427 475 bet
461 436 627 476 eundem
661 437 819 489 gradum
854 434 989 475 caloris
1007 467 1019 488 ,
1053 433 1120 473 vbi
1151 429 1312 473 fossores
1342 433 1484 473 nullam
1501 435 1677 475 iniuriam

364 512 386 538 a
419 498 559 551 frigore
592 500 657 540 vel
693 500 793 540 aestu
826 499 1004 539 sentiunt.
1071 494 1222 537 Contra
1254 508 1352 537 vero
1386 496 1426 536 in
1457 495 1575 537 libero
1615 511 1677 540 ae-

364 574 406 604 re
438 560 617 615 hyberno
653 573 831 619 tempore
862 561 977 616 frigus
994 593 1006 615 ,
1048 561 1190 602 aestiuo
1233 560 1350 601 aestus
1382 560 1612 602 dominatur.

828 632 1220 693 Corollarium.

507 730 545 766 8.
588 737 655 764 11.
696 723 854 765 Aestate
895 724 1009 777 igitur
1049 735 1112 763 aer
1152 723 1192 762 in
1231 719 1369 762 fodinis
1410 719 1473 765 est,
1511 719 1679 773 frigidior

361 797 527 828 externo
545 821 556 840 ,
591 788 734 840 hyeme
770 797 896 830 autem
931 787 1069 828 eodem
1113 786 1272 826 calidior
1292 817 1303 837 ,
1344 784 1516 839 adeoque
1549 783 1682 824 aestate

361 852 538 905 specifice
571 853 721 905 grauior
754 861 919 892 externo
936 884 948 903 ,
981 850 1124 902 hyeme
1157 847 1333 903 specifice
1368 848 1502 889 leuior.

792 918 1161 998 Experientia
1205 937 1256 974 2.

514 1007 548 1057 ξ.
591 1020 659 1047 12,
696 1007 779 1049 Aer
812 1017 990 1048 externus
1022 1016 1201 1059 tempore
1233 1005 1376 1046 aestiuo
1409 1003 1471 1044 vel
1505 1004 1683 1057 hyberno

362 1073 456 1113 dum
491 1071 626 1125 sponte
657 1072 718 1112 fila
749 1072 814 1112 vel
846 1071 1023 1111 industria
1055 1068 1241 1110 sofforum
1276 1071 1315 1109 in
1348 1082 1437 1109 caua
1471 1079 1590 1109 terrae
1624 1070 1682 1109 in-

361 1135 529 1176 funditur
546 1166 557 1185 ‚
591 1135 759 1174 calorem
794 1134 858 1173 vel
885 1133 998 1186 frigus
1028 1133 1116 1172 foris
1148 1133 1213 1171 fibi
1258 1131 1484 1183 impressum
1524 1142 1683 1185 repente

363 1198 550 1239 ammittit
568 1229 579 1249 ,
614 1207 654 1238 et
687 1198 849 1238 eandem
883 1196 1113 1250 temperiem
1133 1196 1173 1236 in
1205 1194 1241 1235 se
1273 1194 1411 1246 recipit
1431 1226 1441 1245 ,
1475 1207 1547 1248 qua
1565 1194 1681 1236 latera

361 1259 543 1303 foffarum
602 1261 684 1302 sunt
723 1261 890 1315 praedita
910 1293 921 1312 ‚
963 1260 1027 1301 seu
1088 1271 1205 1314 quam
1255 1258 1418 1299 habebat
1466 1270 1528 1299 aer
1553 1291 1565 1310 ,
1615 1259 1680 1313 qui

362 1336 450 1368 ante
481 1324 654 1367 fodinam
698 1325 880 1381 replebat.

869 1383 1176 1443 Scholium.

479 1476 514 1526 ς.
554 1487 622 1524 13.
660 1476 790 1532 Quam
823 1483 985 1529 repente
1018 1486 1080 1514 aer
1111 1473 1280 1514 calorem
1312 1471 1472 1526 acquirit
1503 1475 1542 1511 e‘t
1567 1472 1678 1512 amit-

364 1540 411 1581 tit
430 1572 441 1592 ,
475 1540 671 1593 respiratio
704 1538 874 1592 quolibet
907 1547 1115 1578 momento
1148 1537 1334 1589 temporis
1374 1535 1541 1588 loquitur
1557 1567 1568 1585 ,
1607 1535 1676 1578 vbi

360 1603 535 1656 frigidum
571 1615 656 1644 aera
687 1601 930 1657 pulmonibus
962 1599 1152 1641 haurimus
1170 1632 1180 1652 ,
1214 1599 1379 1639 calidum
1418 1597 1646 1639 effundimus
1664 1630 1676 1650 ,

363 1669 429 1722 qui
463 1680 514 1707 ex
552 1679 621 1708 ore
664 1678 842 1708 emanans
883 1665 1066 1719 proxime
1106 1665 1301 1704 admotam
1352 1674 1511 1702 manum
1560 1672 1675 1717 tepo-

363 1743 406 1772 re
425 1764 436 1786 ,
469 1732 724 1773 remotiorem
756 1741 853 1771 vero
889 1728 965 1769 leui
997 1727 1138 1782 frigore
1170 1726 1302 1768 afficit.

823 1788 1215 1849 Corollarium.

516 1880 551 1931 ξ.
591 1892 658 1932 14.
694 1878 807 1931 Aer,
840 1879 906 1934 qui
938 1878 978 1919 in
1009 1876 1156 1919 fodinas
1188 1873 1394 1916 infunditur
1426 1872 1560 1914 aestate
1591 1874 1676 1915 red-

366 1944 467 1986 ditur
500 1953 666 1986 externo
699 1942 875 1999 specifice
907 1941 1087 1997 grauior,
1128 1940 1273 1993 hyeme
1326 1937 1463 1979 eodem
1503 1937 1677 1993 specifice

359 2009 495 2050 leuior.
539 2007 590 2065 (§.
630 2007 718 2065 11.)

1452 2128 1674 2173 Theorema
