1820 2506
134 185 217 230 DE
243 180 502 229 ACTIONE
529 172 945 224 MENSTRORVM
967 176 1459 239 CHYM1coRVM'247

133 304 272 347 debere
311 302 450 346 iisdem
492 304 573 346 auri
614 302 812 346 meatibus.
879 300 978 343 Non
1013 311 1140 344 tamen
1183 302 1320 345 dubito
1351 304 1432 346 fore
1451 337 1463 359 ,

131 368 333 425 plerosque
397 369 464 423 qui
531 369 714 411 obiiciant
782 367 952 422 spiritum
1020 368 1111 409 nitri
1177 368 1307 424 spiritu
1385 369 1465 416 salis

132 431 326 475 subtilisari
343 465 355 485 ,
408 432 485 474 hoc
519 434 571 475 est
590 468 601 487 ,
644 432 846 487 particulas
879 433 956 472 eius
988 433 1162 473 minores
1193 434 1312 475 reddi.
1382 433 1464 475 Ve-

133 511 221 540 rum
240 497 374 552 quodsi
398 497 477 539 hoc
495 510 631 540 verum
651 501 748 538 toret
767 531 777 550 ,
812 496 957 551 spiritus
990 497 1080 537 nitri
1098 510 1119 537 a
1137 496 1269 552 spiritu
1287 498 1367 540 salis
1388 496 1460 539 sol-

134 561 242 603 licite
260 561 464 616 separatus,
492 576 583 603 cum
602 564 678 602 iam
699 559 793 602 effet
810 561 980 601 subtilior
1006 560 1142 614 faetus,
1163 561 1258 603 solus
1276 573 1384 617 aptus
1401 563 1462 604 fo·

134 634 192 668 tet
209 627 257 667 ad
290 639 423 667 aurum
458 625 682 667 soluendum
703 658 712 676 ‚
745 625 849 678 quod
869 634 995 666 tamen
1022 638 1262 681 nequaquam
1281 626 1461 668 succedit.

277 691 319 739 ις.
345 701 385 740 5.
419 688 511 732 Nec
544 689 616 730 alia
649 690 883 730 documenta
917 689 1048 730 desunt
1067 723 1078 742 ,
1114 691 1245 744 quibus
1277 693 1465 747 euincitur

134 755 401 810 magnitudine
446 766 635 809 potorum
684 751 891 807 ingressum
932 753 1166 807 liquidorum
1216 756 1256 796 in
1299 768 1466 812 corpora

133 819 250 861 sonda
290 819 453 860 minime
513 818 697 859 facilitari.
766 818 929 859 Etenim
981 817 1199 873 Mercurius
1231 833 1350 875 poros
1384 820 1467 864 auri

133 884 309 937 corporis
350 881 550 924 densiffimi
592 882 702 922 facile
743 881 878 936 sponte
918 880 981 921 sua
1022 884 1195 936 peruadit
1211 915 1222 935 ,
1257 894 1297 924 at
1329 884 1432 938 ligna
1450 916 1464 937 ,

132 949 283 990 corium
302 981 312 1001 ‚
348 946 524 989 chartam
544 978 555 999 ,
589 957 754 1000 corpora
787 943 1024 1000 porofiffima
1057 957 1139 987 non
1165 956 1372 1002 penetrat,
1404 948 1470 991 ni-

130 1011 159 1057 fi
191 1013 234 1054 vi
266 1012 451 1066 adigatur.

269 1079 303 1127 §.
326 1080 370 1118 6.
408 1078 496 1121 Nec
531 1078 659 1120 maior
699 1076 785 1120 sane
828 1079 911 1134 spes
952 1079 1178 1135 exponendi
1213 1079 1333 1122 caustis
1366 1080 1469 1123 varii

130 1142 173 1183 in
213 1154 335 1196 poros
376 1156 588 1196 corporum
630 1142 815 1195 ingreffus
855 1143 1138 1186 menstruorum
1182 1144 1305 1198 posita
1339 1145 1390 1185 est
1423 1146 1467 1187 in

131 1207 237 1246 varia
297 1216 485 1260 potorum
543 1215 580 1246 et
631 1207 904 1260 particularum
955 1207 1086 1261 figura.
1173 1208 1394 1250 Enimuero
1436 1207 1466 1251 fi

133 1270 329 1324 qualitates
369 1283 580 1325 corporum
621 1272 864 1324 particulares
905 1272 951 1313 ab
990 1271 1056 1313 illa
1092 1274 1263 1323 pendent
1281 1307 1291 1323 ‚
1326 1285 1468 1326 magna

130 1333 311 1390 profecto
351 1334 493 1389 figurae
533 1333 780 1388 discrepantia
821 1333 1020 1389 particulas
1053 1333 1242 1376 Mercurii
1275 1344 1314 1375 et
1347 1349 1466 1391 aquae

129 1396 239 1440 fortis
272 1399 529 1441 intercederet
555 1432 566 1452 ,
616 1411 707 1440 cum
759 1407 821 1439 tot
854 1398 1116 1454 qualitatibus,
1168 1412 1312 1454 nempe
1345 1409 1467 1443 trans-

131 1463 310 1505 mi'ssione
344 1473 381 1504 et
415 1463 633 1504 reflexione
674 1463 869 1504 radiorum
888 1497 899 1516 ‚
932 1463 1064 1518 sapore
1083 1497 1093 1516 ‚
1127 1465 1312 1517 grauitate
1352 1475 1391 1506 et
1409 1466 1467 1509 di-

129 1528 242 1569 uersis
260 1529 481 1580 virtutibus,
509 1541 599 1581 quas
626 1528 665 1568 in
684 1527 928 1581 homogenea
953 1540 1117 1581 corpora
1145 1540 1350 1582 exercent,
1369 1529 1467 1572 haec

131 1592 208 1632 duo
243 1604 409 1646 corpora
441 1593 541 1632 inter
573 1591 610 1632 se
636 1590 825 1632 differant.
864 1591 1132 1634 Nihilominus
1157 1601 1289 1634 tamen
1316 1603 1462 1636 vtrum-

133 1669 208 1711 que
242 1656 477 1697 menstruum
513 1669 633 1710 poros
674 1656 814 1698 similes
834 1689 844 1709 ,
886 1656 1056 1697 eiusdem
1099 1658 1246 1712 quippe
1284 1661 1463 1712 corporis

132 1733 168 1760 e.
198 1734 235 1774 g.
289 1722 431 1774 argenti
473 1730 658 1774 penetrat.
742 1717 928 1762 Ceterum
977 1720 1045 1761 vbi
1094 1731 1242 1762 meatus
1280 1722 1361 1763 satis
1395 1737 1465 1777 pa-

134 1793 216 1824 tent
235 1816 246 1835 ‚
279 1783 443 1837 figuram
477 1797 687 1837 corporum
719 1786 929 1827 eorundem
962 1784 1141 1839 ingressui
1161 1787 1287 1826 minus
1313 1787 1462 1829 obstare

134 1848 252 1888 etiam
301 1848 432 1888 rudior
479 1847 658 1890 Minerua
700 1849 843 1890 docet:
890 1850 1072 1904 siquidem
1115 1862 1187 1903 per
1228 1851 1463 1905 ampliorem

135 1921 289 1967 portam
329 1911 510 1953 homines
530 1946 540 1964 ,
584 1915 753 1954 iumenta
796 1924 835 1954 et
877 1914 1040 1969 plaustra
1081 1914 1221 1956 intrare
1255 1915 1432 1958 videmus
1449 1951 1462 1973 ,

137 1975 280 2030 figurae
313 1978 495 2018 varietate
529 1976 628 2017 nihil
669 1977 852 2018 obstante.

286 2040 320 2088 §.
343 2049 384 2088 7.
417 2039 607 2095 Ingressus
641 2041 775 2095 liquidi
810 2043 850 2082 in
885 2054 1004 2096 poros
1039 2042 1147 2086 solidi
1179 2044 1235 2086 nil
1267 2045 1368 2086 aliud
1393 2047 1460 2101 est,

138 2118 256 2165 quam
288 2104 478 2162 vtriusque
512 2105 684 2163 corporis
715 2107 758 2150 in
790 2118 916 2150 vnum
950 2108 1191 2152 combinatio
1209 2143 1220 2165 ‚
1255 2110 1375 2166 qualis
1409 2112 1465 2153 est

1348 2174 1463 2231 liqui-
