1820 2506
334 179 425 231 236
648 174 772 222 TEN
774 174 980 219 TAMEN
1029 169 1114 216 ΤΗ
1115 168 1344 219 EORIAM

486 300 522 350 §-
563 300 632 346 13.
669 294 823 352 Corpus
856 307 978 336 vnum
1009 295 1049 335 in
1084 292 1249 336 alterum
1281 294 1503 336 immediate
1543 302 1657 350 agere

335 366 468 422 nequit
487 396 498 418 ‚
534 363 602 405 nisi
633 362 754 417 ipsum
787 361 1021 415 contingat3
1054 360 1175 401 atomi
1217 360 1332 413 igitur
1372 362 1467 401 aeris
1508 359 1575 401 vbi
1614 361 1656 401 in

332 432 368 474 st:
402 439 541 472 mutuo
575 427 801 470 immediate
833 434 978 480 agunt,
1011 425 1051 465 in
1084 423 1268 465 contactu
1287 423 1358 465 fint
1377 456 1389 476 ,
1423 423 1571 466 necesse
1588 423 1655 466 est.

334 496 459 538 Porro
491 494 676 549 quoniam
718 505 781 533 aer
813 491 941 532 noster
974 488 1296 543 atmosphaericus
1329 488 1370 528 vi
1402 497 1561 530 externa
1594 489 1661 531 ad·

335 560 442 603 astus
472 558 635 601 tricesies
666 556 831 611 amplius
865 556 1021 597 minore
1054 554 1176 608 spatio
1206 551 1490 607 comprehendi
1507 552 1660 608 potest3

335 626 377 669 id
417 625 523 667 circo
563 624 666 663 inter
705 630 860 663 atomos
900 621 982 662 eius
1020 620 1155 660 dantur
1203 617 1401 658 interstitia
1443 630 1464 656 a
1506 619 1663 672 propria

335 689 494 733 materia
525 688 607 728 eius
637 698 758 727 vacua
775 719 787 738 ‚
822 684 956 740 quibus
990 683 1179 739 plurimae
1211 682 1399 723 eiusmodi
1430 682 1553 722 atomi
1570 694 1667 723 con-

337 755 451 797 tineri
485 749 673 808 poss‘unt:
708 750 815 792 vnde
856 749 945 791 illae
977 749 1018 789 in
1052 747 1234 790 contactu
1266 760 1347 787 non
1379 746 1475 787 sunt.
1551 744 1666 789 Duae

334 818 431 862 istae
460 824 690 872 apparenter
723 813 1042 856 contradictoriae
1060 846 1073 867 ,
1114 810 1330 853 verissimae
1369 820 1499 852 tamen
1519 843 1530 864 ‚
1572 822 1663 865 pro-

339 883 551 940 positiones
584 878 780 921 conciliari
811 878 921 920 aliter
953 884 1149 932 nequeunt
1167 908 1178 928 ‚
1213 875 1283 917 nisi
1315 874 1357 916 hi
1399 875 1477 915 duo
1514 883 1668 920 coutra-

340 947 388 991 rii
420 947 533 988 status
563 954 788 985 atomorum
829 944 925 983 aeris
956 951 1136 996 tempore
1178 940 1485 994 distinguantur;
1521 950 1668 994 nempe

341 1019 387 1053 ’vt
420 1010 522 1066 ipsae
555 1007 711 1050 alternis
751 1007 900 1047 vicibus
943 1006 1029 1047 illos
1070 1004 1237 1046 subeant.
1312 1003 1535 1045 Alternatio
1567 1015 1668 1044 vero

341 1073 556 1118 istiusmodi
586 1074 640 1114 ita
672 1071 740 1113 fiat
774 1069 925 1111 necesse
956 1070 1011 1111 est
1028 1103 1040 1123 ,
1073 1079 1120 1111 vt
1152 1081 1226 1110 nec
1258 1069 1299 1110 in
1333 1068 1511 1110 omnibus
1527 1068 1671 1110 atomis

342 1138 453 1182 simul
486 1138 589 1178 idem
622 1136 735 1175 status
767 1135 969 1187 contingat
987 1166 998 1184 ,
1030 1142 1108 1173 nee
1134 1132 1305 1172 sensibile
1336 1132 1492 1185 aliquod
1517 1141 1670 1186 tempus

342 1203 462 1245 duret.
531 1198 714 1241 Alterum
749 1198 856 1238 enim
887 1196 1086 1251 stupendas
1118 1195 1160 1236 in
1193 1194 1420 1236 extensione
1436 1196 1673 1236 mutationes

344 1268 491 1322 saepius
523 1264 776 1320 produceret,
819 1261 985 1303 alterum
1019 1273 1118 1302 vero
1150 1258 1325 1301 efficeret
1343 1292 1355 1312 ‚
1388 1268 1435 1300 vt
1466 1259 1673 1313 expansio-

344 1336 415 1374 nes
447 1330 545 1372 aeris
577 1328 705 1370 tardae
739 1327 905 1368 nimium
928 1335 966 1368 et
984 1325 1127 1367 otiosae
1145 1325 1406 1366 redderentur.
1475 1324 1583 1365 Patet
1600 1324 1672 1378 igi-

348 1405 411 1439 tur
443 1403 597 1437 atomos
632 1394 726 1434 aeris
764 1391 922 1445 singulas
961 1389 1229 1431 insensibilibus
1281 1387 1529 1442 tempusculis
1579 1400 1672 1430 curn

345 1461 428 1503 aliis
455 1460 523 1503 fibi
555 1457 696 1499 vicinis
727 1455 879 1498 confiisa
919 1454 1227 1511 reciprocatione
1278 1452 1411 1494 collidi
1430 1485 1441 1505 ‚
1492 1461 1534 1494 et
1582 1465 1673 1494 cum

347 1524 444 1567 aliae
477 1525 518 1565 in
551 1522 735 1564 contactu
766 1520 852 1561 sunt
869 1553 881 1573 ‚
915 1520 1002 1560 alias
1032 1530 1116 1560 tum
1150 1531 1172 1559 a
1204 1518 1241 1559 se
1274 1518 1443 1558 inuicem
1475 1516 1614 1557 resilire
1631 1526 1674 1558 et

349 1589 392 1631 in
425 1587 586 1643 reliquas
617 1585 826 1627 viciniores
859 1584 1016 1625 tandem
1048 1584 1240 1624 incurrere
1258 1615 1269 1635 ,
1303 1581 1432 1622 denuo
1464 1581 1676 1634 resulturas,

349 1654 404 1696 ita
435 1661 481 1694 vt
512 1650 699 1693 eiusmodi
729 1647 1032 1703 frequentiffimis
1063 1647 1349 1701 reciprocisque
1390 1646 1676 1687 arietationibus

349 1729 374 1760 a
405 1716 442 1759 ie
475 1717 644 1759 inuicem
679 1709 867 1756 continuo
898 1712 1023 1768 pulsae
1056 1711 1219 1752 seorsum
1252 1710 1416 1764 dispergi
1457 1710 1642 1751 nitantur.

493 1782 529 1832 ᾗ.
571 1794 638 1833 14.
674 1780 746 1823 His
776 1777 962 1834 expositis
993 1776 1327 1818 demonstrandum
1344 1773 1476 1826 restat,
1503 1786 1676 1828 quonam

352 1846 473 1904 padio
505 1846 629 1888 atomi
660 1856 791 1886 aereae
825 1844 865 1884 in
895 1842 933 1884 se
966 1849 1104 1884 mutuo
1136 1842 1190 1881 ita
1222 1848 1335 1893 agant
1353 1872 1363 1891 ,
1398 1848 1444 1878 vt
1477 1850 1555 1879 vna
1580 1838 1677 1880 alte-

352 1926 436 1955 ram
468 1918 703 1965 retorqueat.
769 1908 838 1950 Ad
870 1907 948 1949 hoc
980 1916 1110 1948 autem
1143 1918 1223 1946 non
1241 1903 1340 1945 aliud
1358 1902 1449 1956 quid
1474 1915 1680 1956 argumen-

352 1986 393 2018 ta
425 1977 623 2032 suggerere
656 1974 782 2029 potest
800 2007 812 2026 ,
845 1985 961 2029 quam
996 1972 1163 2012 eiusdem
1195 1968 1335 2010 elastici
1367 1968 1462 2008 ae‘ris
1494 1967 1680 2021 palmaria

354 2042 585 2096 proprietas.
653 2037 839 2091 Scilicet,
874 2037 980 2092 quod
1013 2034 1248 2076 notiffirnum
1280 2032 1332 2073 est
1351 2065 1362 2084 ,
1396 2030 1587 2073 crescente
1613 2045 1677 2074 ae-

355 2105 407 2151 ris
434 2103 565 2148 calore
595 2104 716 2147 etiam
747 2103 928 2145 elaterem
962 2101 1043 2143 eius
1073 2098 1195 2154 magis
1226 2098 1422 2153 magisque
1438 2095 1677 2150 inualescere‚

1549 2160 1676 2203 decre-
