<?xml version="1.0" encoding="UTF-8"?>
<!DOCTYPE html PUBLIC "-//W3C//DTD XHTML 1.0 Transitional//EN"
    "http://www.w3.org/TR/xhtml1/DTD/xhtml1-transitional.dtd">
<html xmlns="http://www.w3.org/1999/xhtml" xml:lang="en" lang="en">
 <head>
  <title>
</title>
<meta http-equiv="Content-Type" content="text/html;charset=utf-8" />
  <meta name='ocr-system' content='tesseract 3.04.00' />
  <meta name='ocr-capabilities' content='ocr_page ocr_carea ocr_par ocr_line ocrx_word'/>
</head>
<body>
  <div class='ocr_page' id='page_1' title='image "./novicommentariac01impe_0208.png"; bbox 0 0 1820 2506; ppageno 0'>
   <div class='ocr_carea' id='block_1_1' title="bbox 347 173 1434 225">
    <p class='ocr_par' dir='ltr' id='par_1_1' title="bbox 347 173 1434 225">
     <span class='ocr_line' id='line_1_1' title="bbox 347 173 1434 225; baseline 0.002 -2"><span class='ocrx_word' id='word_1_1' title='bbox 347 194 430 224; x_wconf 86' lang='lat'>110</span> <span class='ocrx_word' id='word_1_2' title='bbox 661 175 929 224; x_wconf 86' lang='lat' dir='ltr'><em>EXAMEN</em></span> <span class='ocrx_word' id='word_1_3' title='bbox 963 173 1232 222; x_wconf 83' lang='lat' dir='ltr'><strong><em>ARTIFICH</em></strong></span> <span class='ocrx_word' id='word_1_4' title='bbox 1260 179 1434 225; x_wconf 80' lang='lat' dir='ltr'><em>NAVIS</em></span> 
     </span>
    </p>
   </div>
   <div class='ocr_carea' id='block_1_2' title="bbox 345 296 1662 2193">
    <p class='ocr_par' dir='ltr' id='par_1_2' title="bbox 345 296 1654 478">
     <span class='ocr_line' id='line_1_2' title="bbox 347 296 1654 351; baseline -0.003 -10"><span class='ocrx_word' id='word_1_5' title='bbox 347 301 411 341; x_wconf 91' lang='lat' dir='ltr'>des</span> <span class='ocrx_word' id='word_1_6' title='bbox 444 296 595 351; x_wconf 84' lang='lat' dir='ltr'>fingulis</span> <span class='ocrx_word' id='word_1_7' title='bbox 627 297 784 338; x_wconf 88' lang='lat' dir='ltr'>minutis</span> <span class='ocrx_word' id='word_1_8' title='bbox 817 297 952 351; x_wconf 88' lang='lat' dir='ltr'>primis</span> <span class='ocrx_word' id='word_1_9' title='bbox 971 331 982 350; x_wconf 83' lang='lat'>,</span> <span class='ocrx_word' id='word_1_10' title='bbox 1022 299 1167 346; x_wconf 81' lang='lat'>15649</span> <span class='ocrx_word' id='word_1_11' title='bbox 1201 298 1316 350; x_wconf 85' lang='lat' dir='ltr'>pedes</span> <span class='ocrx_word' id='word_1_12' title='bbox 1345 311 1422 339; x_wconf 75' lang='lat' dir='ltr'>vna</span> <span class='ocrx_word' id='word_1_13' title='bbox 1441 297 1537 339; x_wconf 84' lang='lat' dir='ltr'>hora</span> <span class='ocrx_word' id='word_1_14' title='bbox 1556 308 1654 339; x_wconf 82' lang='lat' dir='ltr'>con-</span> 
     </span>
     <span class='ocr_line' id='line_1_3' title="bbox 345 359 1653 415; baseline -0.002 -10"><span class='ocrx_word' id='word_1_15' title='bbox 345 364 527 405; x_wconf 63' lang='lat' dir='ltr'>fecturam</span> <span class='ocrx_word' id='word_1_16' title='bbox 569 359 644 401; x_wconf 83' lang='lat' dir='ltr'>effe</span> <span class='ocrx_word' id='word_1_17' title='bbox 686 362 882 402; x_wconf 86' lang='lat' dir='ltr'>contendit</span> <span class='ocrx_word' id='word_1_18' title='bbox 900 395 910 414; x_wconf 85' lang='lat'>,</span> <span class='ocrx_word' id='word_1_19' title='bbox 953 373 1049 415; x_wconf 89' lang='lat' dir='ltr'>quae</span> <span class='ocrx_word' id='word_1_20' title='bbox 1091 360 1260 400; x_wconf 83' lang='lat' dir='ltr'>celeritas</span> <span class='ocrx_word' id='word_1_21' title='bbox 1302 372 1402 402; x_wconf 89' lang='lat' dir='ltr'>certe</span> <span class='ocrx_word' id='word_1_22' title='bbox 1434 371 1537 403; x_wconf 87' lang='lat' dir='ltr'>tanta</span> <span class='ocrx_word' id='word_1_23' title='bbox 1570 361 1623 402; x_wconf 93' lang='lat' dir='ltr'>est</span> <span class='ocrx_word' id='word_1_24' title='bbox 1641 392 1653 415; x_wconf 91' lang='lat'>,</span> 
     </span>
     <span class='ocr_line' id='line_1_4' title="bbox 345 423 1493 478; baseline -0.002 -10"><span class='ocrx_word' id='word_1_25' title='bbox 345 437 390 468; x_wconf 77' lang='lat' dir='ltr'>vt</span> <span class='ocrx_word' id='word_1_26' title='bbox 424 426 598 467; x_wconf 83' lang='lat' dir='ltr'>consueta</span> <span class='ocrx_word' id='word_1_27' title='bbox 629 425 880 477; x_wconf 81' lang='lat' dir='ltr'>remigatione</span> <span class='ocrx_word' id='word_1_28' title='bbox 912 426 982 465; x_wconf 88' lang='lat' dir='ltr'>vix</span> <span class='ocrx_word' id='word_1_29' title='bbox 1017 424 1143 464; x_wconf 84' lang='lat' dir='ltr'>maior</span> <span class='ocrx_word' id='word_1_30' title='bbox 1172 423 1337 464; x_wconf 86' lang='lat' dir='ltr'>obtineri</span> <span class='ocrx_word' id='word_1_31' title='bbox 1368 426 1493 478; x_wconf 85' lang='lat' dir='ltr'>poffit.</span> 
     </span>
    </p>

    <p class='ocr_par' dir='ltr' id='par_1_3' title="bbox 346 487 1662 1683">
     <span class='ocr_line' id='line_1_5' title="bbox 498 487 1656 543; baseline 0 -14"><span class='ocrx_word' id='word_1_32' title='bbox 498 490 531 538; x_wconf 64' lang='grc' dir='ltr'>ξ.</span> <span class='ocrx_word' id='word_1_33' title='bbox 558 496 594 530; x_wconf 88' lang='grc'>8.</span> <span class='ocrx_word' id='word_1_34' title='bbox 632 488 749 543; x_wconf 79' lang='lat' dir='ltr'>Quod</span> <span class='ocrx_word' id='word_1_35' title='bbox 783 487 810 527; x_wconf 89' lang='lat' dir='ltr'>fi</span> <span class='ocrx_word' id='word_1_36' title='bbox 851 500 946 541; x_wconf 86' lang='lat' dir='ltr'>ergo</span> <span class='ocrx_word' id='word_1_37' title='bbox 986 487 1055 526; x_wconf 91' lang='lat' dir='ltr'>iste</span> <span class='ocrx_word' id='word_1_38' title='bbox 1097 499 1210 527; x_wconf 81' lang='lat' dir='ltr'>naues</span> <span class='ocrx_word' id='word_1_39' title='bbox 1244 487 1485 541; x_wconf 71' lang='lat' dir='ltr'>propellendi</span> <span class='ocrx_word' id='word_1_40' title='bbox 1516 488 1656 529; x_wconf 89' lang='lat' dir='ltr'>modus</span> 
     </span>
     <span class='ocr_line' id='line_1_6' title="bbox 348 547 1655 605; baseline -0.001 -12"><span class='ocrx_word' id='word_1_41' title='bbox 348 561 496 594; x_wconf 90' lang='lat' dir='ltr'>tantum</span> <span class='ocrx_word' id='word_1_42' title='bbox 530 551 676 591; x_wconf 87' lang='lat' dir='ltr'>valeret</span> <span class='ocrx_word' id='word_1_43' title='bbox 694 583 704 602; x_wconf 85' lang='lat'>,</span> <span class='ocrx_word' id='word_1_44' title='bbox 738 550 896 591; x_wconf 89' lang='lat' dir='ltr'>dubium</span> <span class='ocrx_word' id='word_1_45' title='bbox 928 559 1031 590; x_wconf 88' lang='lat' dir='ltr'>certe</span> <span class='ocrx_word' id='word_1_46' title='bbox 1065 547 1160 591; x_wconf 80' lang='lat' dir='ltr'>esset</span> <span class='ocrx_word' id='word_1_47' title='bbox 1193 551 1341 592; x_wconf 92' lang='lat' dir='ltr'>nullum</span> <span class='ocrx_word' id='word_1_48' title='bbox 1360 583 1370 603; x_wconf 84' lang='lat'>,</span> <span class='ocrx_word' id='word_1_49' title='bbox 1405 552 1494 605; x_wconf 92' lang='lat' dir='ltr'>quin</span> <span class='ocrx_word' id='word_1_50' title='bbox 1528 553 1558 591; x_wconf 88' lang='lat' dir='ltr'>is</span> <span class='ocrx_word' id='word_1_51' title='bbox 1575 564 1655 592; x_wconf 90' lang='lat' dir='ltr'>non</span> 
     </span>
     <span class='ocr_line' id='line_1_7' title="bbox 348 612 1656 668; baseline -0.002 -10"><span class='ocrx_word' id='word_1_52' title='bbox 348 616 469 658; x_wconf 91' lang='lat' dir='ltr'>solum</span> <span class='ocrx_word' id='word_1_53' title='bbox 510 614 757 668; x_wconf 84' lang='lat' dir='ltr'>remigationi</span> <span class='ocrx_word' id='word_1_54' title='bbox 798 612 914 667; x_wconf 87' lang='lat' dir='ltr'>longe</span> <span class='ocrx_word' id='word_1_55' title='bbox 957 613 1051 654; x_wconf 84' lang='lat' dir='ltr'>effet</span> <span class='ocrx_word' id='word_1_56' title='bbox 1099 613 1359 655; x_wconf 81' lang='lat' dir='ltr'>anteferendus</span> <span class='ocrx_word' id='word_1_57' title='bbox 1377 648 1388 667; x_wconf 87' lang='lat'>‚</span> <span class='ocrx_word' id='word_1_58' title='bbox 1432 614 1494 655; x_wconf 89' lang='lat' dir='ltr'>sed</span> <span class='ocrx_word' id='word_1_59' title='bbox 1537 616 1656 656; x_wconf 89' lang='lat' dir='ltr'>etiam</span> 
     </span>
     <span class='ocr_line' id='line_1_8' title="bbox 346 676 1656 734; baseline -0.002 -14"><span class='ocrx_word' id='word_1_60' title='bbox 346 680 455 734; x_wconf 88' lang='lat' dir='ltr'>saepe</span> <span class='ocrx_word' id='word_1_61' title='bbox 502 679 679 720; x_wconf 79' lang='lat' dir='ltr'>maximo</span> <span class='ocrx_word' id='word_1_62' title='bbox 730 690 818 718; x_wconf 91' lang='lat' dir='ltr'>cum</span> <span class='ocrx_word' id='word_1_63' title='bbox 856 677 978 718; x_wconf 69' lang='lat' dir='ltr'>fructu</span> <span class='ocrx_word' id='word_1_64' title='bbox 1018 678 1112 719; x_wconf 92' lang='lat' dir='ltr'>loco</span> <span class='ocrx_word' id='word_1_65' title='bbox 1152 679 1259 719; x_wconf 86' lang='lat' dir='ltr'>venti</span> <span class='ocrx_word' id='word_1_66' title='bbox 1301 677 1473 718; x_wconf 84' lang='lat' dir='ltr'>adhiberi</span> <span class='ocrx_word' id='word_1_67' title='bbox 1515 676 1656 731; x_wconf 77' lang='lat' dir='ltr'>posset.</span> 
     </span>
     <span class='ocr_line' id='line_1_9' title="bbox 350 741 1657 795; baseline -0.001 -12"><span class='ocrx_word' id='word_1_68' title='bbox 350 741 453 785; x_wconf 90' lang='lat' dir='ltr'>Cum</span> <span class='ocrx_word' id='word_1_69' title='bbox 495 743 602 783; x_wconf 93' lang='lat' dir='ltr'>enim</span> <span class='ocrx_word' id='word_1_70' title='bbox 652 753 727 795; x_wconf 89' lang='lat' dir='ltr'>pro</span> <span class='ocrx_word' id='word_1_71' title='bbox 768 742 914 782; x_wconf 89' lang='lat' dir='ltr'>ratione</span> <span class='ocrx_word' id='word_1_72' title='bbox 945 741 1060 782; x_wconf 85' lang='lat' dir='ltr'>molis</span> <span class='ocrx_word' id='word_1_73' title='bbox 1100 743 1204 782; x_wconf 88' lang='lat' dir='ltr'>nauis</span> <span class='ocrx_word' id='word_1_74' title='bbox 1237 741 1318 782; x_wconf 72' lang='lat' dir='ltr'>latis</span> <span class='ocrx_word' id='word_1_75' title='bbox 1349 754 1486 794; x_wconf 82' lang='lat' dir='ltr'>magna</span> <span class='ocrx_word' id='word_1_76' title='bbox 1519 743 1578 781; x_wconf 86' lang='lat' dir='ltr'>vis</span> <span class='ocrx_word' id='word_1_77' title='bbox 1611 742 1657 782; x_wconf 86' lang='lat' dir='ltr'>ad</span> 
     </span>
     <span class='ocr_line' id='line_1_10' title="bbox 347 804 1659 859; baseline -0.002 -12"><span class='ocrx_word' id='word_1_78' title='bbox 347 819 477 848; x_wconf 84' lang='lat' dir='ltr'>remos</span> <span class='ocrx_word' id='word_1_79' title='bbox 512 806 718 852; x_wconf 85' lang='lat' dir='ltr'>vibrandos</span> <span class='ocrx_word' id='word_1_80' title='bbox 750 806 960 859; x_wconf 81' lang='lat' dir='ltr'>requiratur</span> <span class='ocrx_word' id='word_1_81' title='bbox 978 837 988 857; x_wconf 88' lang='lat'>,</span> <span class='ocrx_word' id='word_1_82' title='bbox 1024 806 1075 844; x_wconf 86' lang='lat' dir='ltr'>ita</span> <span class='ocrx_word' id='word_1_83' title='bbox 1108 806 1149 844; x_wconf 88' lang='lat' dir='ltr'>in</span> <span class='ocrx_word' id='word_1_84' title='bbox 1166 806 1358 858; x_wconf 82' lang='lat' dir='ltr'>praesente</span> <span class='ocrx_word' id='word_1_85' title='bbox 1393 804 1659 845; x_wconf 77' lang='lat' dir='ltr'>mechanismo</span> 
     </span>
     <span class='ocr_line' id='line_1_11' title="bbox 349 867 1659 922; baseline -0.002 -11"><span class='ocrx_word' id='word_1_86' title='bbox 349 869 449 911; x_wconf 90' lang='lat' dir='ltr'>nulla</span> <span class='ocrx_word' id='word_1_87' title='bbox 482 869 561 909; x_wconf 89' lang='lat' dir='ltr'>fere</span> <span class='ocrx_word' id='word_1_88' title='bbox 592 870 635 908; x_wconf 85' lang='lat' dir='ltr'>vi</span> <span class='ocrx_word' id='word_1_89' title='bbox 668 869 724 908; x_wconf 92' lang='lat' dir='ltr'>est</span> <span class='ocrx_word' id='word_1_90' title='bbox 758 881 867 922; x_wconf 87' lang='lat' dir='ltr'>opus.</span> <span class='ocrx_word' id='word_1_91' title='bbox 935 868 1138 922; x_wconf 88' lang='lat' dir='ltr'>Postquam</span> <span class='ocrx_word' id='word_1_92' title='bbox 1172 869 1278 908; x_wconf 91' lang='lat' dir='ltr'>enim</span> <span class='ocrx_word' id='word_1_93' title='bbox 1313 868 1524 922; x_wconf 91' lang='lat' dir='ltr'>pendulum</span> <span class='ocrx_word' id='word_1_94' title='bbox 1543 867 1659 908; x_wconf 90' lang='lat' dir='ltr'>semel</span> 
     </span>
     <span class='ocr_line' id='line_1_12' title="bbox 350 931 1657 985; baseline -0.002 -11"><span class='ocrx_word' id='word_1_95' title='bbox 350 934 396 975; x_wconf 83' lang='lat' dir='ltr'>ad</span> <span class='ocrx_word' id='word_1_96' title='bbox 444 932 556 972; x_wconf 80' lang='lat' dir='ltr'>situm</span> <span class='ocrx_word' id='word_1_97' title='bbox 602 931 793 972; x_wconf 90' lang='lat' dir='ltr'>summum</span> <span class='ocrx_word' id='word_1_98' title='bbox 843 932 896 972; x_wconf 91' lang='lat' dir='ltr'>est</span> <span class='ocrx_word' id='word_1_99' title='bbox 946 931 1134 972; x_wconf 88' lang='lat' dir='ltr'>eleuatum</span> <span class='ocrx_word' id='word_1_100' title='bbox 1153 963 1164 983; x_wconf 87' lang='lat'>,</span> <span class='ocrx_word' id='word_1_101' title='bbox 1207 931 1294 985; x_wconf 90' lang='lat' dir='ltr'>post</span> <span class='ocrx_word' id='word_1_102' title='bbox 1334 932 1505 985; x_wconf 90' lang='lat' dir='ltr'>primum</span> <span class='ocrx_word' id='word_1_103' title='bbox 1536 932 1657 972; x_wconf 68' lang='lat' dir='ltr'>istum</span> 
     </span>
     <span class='ocr_line' id='line_1_13' title="bbox 348 994 1660 1050; baseline 0 -14"><span class='ocrx_word' id='word_1_104' title='bbox 348 995 485 1050; x_wconf 90' lang='lat' dir='ltr'>sponte</span> <span class='ocrx_word' id='word_1_105' title='bbox 523 994 570 1035; x_wconf 87' lang='lat' dir='ltr'>ad</span> <span class='ocrx_word' id='word_1_106' title='bbox 611 995 770 1035; x_wconf 83' lang='lat' dir='ltr'>eandem</span> <span class='ocrx_word' id='word_1_107' title='bbox 811 995 889 1035; x_wconf 87' lang='lat' dir='ltr'>fere</span> <span class='ocrx_word' id='word_1_108' title='bbox 929 995 1169 1035; x_wconf 85' lang='lat' dir='ltr'>altitudinem</span> <span class='ocrx_word' id='word_1_109' title='bbox 1210 994 1373 1035; x_wconf 87' lang='lat' dir='ltr'>ascendit</span> <span class='ocrx_word' id='word_1_110' title='bbox 1391 1029 1401 1048; x_wconf 85' lang='lat'>‚</span> <span class='ocrx_word' id='word_1_111' title='bbox 1445 996 1497 1036; x_wconf 94' lang='lat' dir='ltr'>ob</span> <span class='ocrx_word' id='word_1_112' title='bbox 1531 997 1660 1036; x_wconf 85' lang='lat' dir='ltr'>maxi-</span> 
     </span>
     <span class='ocr_line' id='line_1_14' title="bbox 349 1058 1660 1112; baseline -0.002 -11"><span class='ocrx_word' id='word_1_113' title='bbox 349 1072 455 1101; x_wconf 89' lang='lat' dir='ltr'>mam</span> <span class='ocrx_word' id='word_1_114' title='bbox 487 1071 577 1099; x_wconf 92' lang='lat' dir='ltr'>cum</span> <span class='ocrx_word' id='word_1_115' title='bbox 609 1058 722 1112; x_wconf 78' lang='lat' dir='ltr'>ipsius</span> <span class='ocrx_word' id='word_1_116' title='bbox 754 1059 927 1112; x_wconf 88' lang='lat' dir='ltr'>corporis</span> <span class='ocrx_word' id='word_1_117' title='bbox 959 1068 1043 1099; x_wconf 90' lang='lat' dir='ltr'>tum</span> <span class='ocrx_word' id='word_1_118' title='bbox 1074 1058 1228 1099; x_wconf 87' lang='lat' dir='ltr'>tabulati</span> <span class='ocrx_word' id='word_1_119' title='bbox 1271 1058 1565 1112; x_wconf 80' lang='lat' dir='ltr'>elasticitatem3</span> <span class='ocrx_word' id='word_1_120' title='bbox 1602 1068 1660 1111; x_wconf 83' lang='lat' dir='ltr'>et,</span> 
     </span>
     <span class='ocr_line' id='line_1_15' title="bbox 350 1121 1660 1178; baseline -0.001 -15"><span class='ocrx_word' id='word_1_121' title='bbox 350 1132 533 1178; x_wconf 85' lang='lat' dir='ltr'>quantum</span> <span class='ocrx_word' id='word_1_122' title='bbox 574 1121 737 1161; x_wconf 84' lang='lat' dir='ltr'>ascensus</span> <span class='ocrx_word' id='word_1_123' title='bbox 781 1122 822 1160; x_wconf 92' lang='lat' dir='ltr'>in</span> <span class='ocrx_word' id='word_1_124' title='bbox 864 1134 1010 1175; x_wconf 90' lang='lat' dir='ltr'>quaque</span> <span class='ocrx_word' id='word_1_125' title='bbox 1039 1123 1253 1162; x_wconf 80' lang='lat' dir='ltr'>vibratione</span> <span class='ocrx_word' id='word_1_126' title='bbox 1292 1131 1372 1163; x_wconf 85' lang='lat' dir='ltr'>tam</span> <span class='ocrx_word' id='word_1_127' title='bbox 1406 1134 1427 1161; x_wconf 85' lang='lat' dir='ltr'>a</span> <span class='ocrx_word' id='word_1_128' title='bbox 1457 1123 1660 1163; x_wconf 78' lang='lat' dir='ltr'>resistentia</span> 
     </span>
     <span class='ocr_line' id='line_1_16' title="bbox 350 1183 1660 1238; baseline -0.002 -11"><span class='ocrx_word' id='word_1_129' title='bbox 350 1186 446 1227; x_wconf 85' lang='lat' dir='ltr'>aeris</span> <span class='ocrx_word' id='word_1_130' title='bbox 464 1218 474 1238; x_wconf 86' lang='lat'>‚</span> <span class='ocrx_word' id='word_1_131' title='bbox 517 1197 631 1238; x_wconf 85' lang='lat' dir='ltr'>quam</span> <span class='ocrx_word' id='word_1_132' title='bbox 672 1197 694 1224; x_wconf 84' lang='lat' dir='ltr'>a</span> <span class='ocrx_word' id='word_1_133' title='bbox 726 1183 874 1226; x_wconf 68' lang='lat' dir='ltr'>defectu</span> <span class='ocrx_word' id='word_1_134' title='bbox 908 1185 1097 1238; x_wconf 75' lang='lat' dir='ltr'>perfec&#39;tae</span> <span class='ocrx_word' id='word_1_135' title='bbox 1130 1184 1355 1225; x_wconf 80' lang='lat' dir='ltr'>elasticitatis</span> <span class='ocrx_word' id='word_1_136' title='bbox 1388 1186 1631 1226; x_wconf 88' lang='lat' dir='ltr'>imminuitur</span> <span class='ocrx_word' id='word_1_137' title='bbox 1648 1217 1660 1237; x_wconf 88' lang='lat'>‚</span> 
     </span>
     <span class='ocr_line' id='line_1_17' title="bbox 350 1247 1660 1302; baseline -0.002 -11"><span class='ocrx_word' id='word_1_138' title='bbox 350 1249 391 1291; x_wconf 91' lang='lat' dir='ltr'>id</span> <span class='ocrx_word' id='word_1_139' title='bbox 423 1249 470 1289; x_wconf 86' lang='lat' dir='ltr'>ab</span> <span class='ocrx_word' id='word_1_140' title='bbox 503 1249 642 1300; x_wconf 86' lang='lat' dir='ltr'>exigua</span> <span class='ocrx_word' id='word_1_141' title='bbox 676 1249 718 1288; x_wconf 90' lang='lat' dir='ltr'>vi</span> <span class='ocrx_word' id='word_1_142' title='bbox 749 1247 859 1289; x_wconf 68' lang='lat' dir='ltr'>facile</span> <span class='ocrx_word' id='word_1_143' title='bbox 891 1258 1085 1302; x_wconf 83' lang='lat' dir='ltr'>reparatur</span> <span class='ocrx_word' id='word_1_144' title='bbox 1101 1280 1112 1300; x_wconf 87' lang='lat'>,</span> <span class='ocrx_word' id='word_1_145' title='bbox 1155 1250 1207 1288; x_wconf 88' lang='lat' dir='ltr'>ita</span> <span class='ocrx_word' id='word_1_146' title='bbox 1248 1257 1294 1286; x_wconf 82' lang='lat' dir='ltr'>vt</span> <span class='ocrx_word' id='word_1_147' title='bbox 1327 1249 1529 1288; x_wconf 86' lang='lat' dir='ltr'>continuus</span> <span class='ocrx_word' id='word_1_148' title='bbox 1562 1261 1660 1302; x_wconf 89' lang='lat' dir='ltr'>pen-</span> 
     </span>
     <span class='ocr_line' id='line_1_18' title="bbox 351 1309 1660 1367; baseline 0 -15"><span class='ocrx_word' id='word_1_149' title='bbox 351 1312 432 1353; x_wconf 91' lang='lat' dir='ltr'>duli</span> <span class='ocrx_word' id='word_1_150' title='bbox 471 1320 599 1352; x_wconf 87' lang='lat' dir='ltr'>motus</span> <span class='ocrx_word' id='word_1_151' title='bbox 639 1309 704 1350; x_wconf 86' lang='lat' dir='ltr'>vel</span> <span class='ocrx_word' id='word_1_152' title='bbox 746 1324 767 1350; x_wconf 88' lang='lat' dir='ltr'>a</span> <span class='ocrx_word' id='word_1_153' title='bbox 809 1322 931 1366; x_wconf 90' lang='lat' dir='ltr'>puero</span> <span class='ocrx_word' id='word_1_154' title='bbox 975 1312 1183 1352; x_wconf 88' lang='lat' dir='ltr'>conseruari</span> <span class='ocrx_word' id='word_1_155' title='bbox 1217 1311 1355 1365; x_wconf 89' lang='lat' dir='ltr'>poflet.</span> <span class='ocrx_word' id='word_1_156' title='bbox 1423 1312 1528 1367; x_wconf 79' lang='lat' dir='ltr'>Quin</span> <span class='ocrx_word' id='word_1_157' title='bbox 1545 1313 1660 1352; x_wconf 90' lang='lat' dir='ltr'>etiam</span> 
     </span>
     <span class='ocr_line' id='line_1_19' title="bbox 351 1372 1662 1429; baseline -0.001 -13"><span class='ocrx_word' id='word_1_158' title='bbox 351 1375 443 1417; x_wconf 93' lang='lat' dir='ltr'>loco</span> <span class='ocrx_word' id='word_1_159' title='bbox 484 1376 598 1416; x_wconf 81' lang='lat' dir='ltr'>vnius</span> <span class='ocrx_word' id='word_1_160' title='bbox 638 1374 824 1427; x_wconf 81' lang='lat' dir='ltr'>penduli,</span> <span class='ocrx_word' id='word_1_161' title='bbox 868 1387 917 1414; x_wconf 93' lang='lat' dir='ltr'>ne</span> <span class='ocrx_word' id='word_1_162' title='bbox 959 1376 1077 1415; x_wconf 85' lang='lat' dir='ltr'>nimia</span> <span class='ocrx_word' id='word_1_163' title='bbox 1118 1375 1196 1415; x_wconf 86' lang='lat' dir='ltr'>eius</span> <span class='ocrx_word' id='word_1_164' title='bbox 1228 1372 1347 1415; x_wconf 81' lang='lat' dir='ltr'>massa</span> <span class='ocrx_word' id='word_1_165' title='bbox 1379 1376 1662 1429; x_wconf 89' lang='lat' dir='ltr'>impedimento</span> 
     </span>
     <span class='ocr_line' id='line_1_20' title="bbox 352 1436 1662 1493; baseline -0.001 -13"><span class='ocrx_word' id='word_1_166' title='bbox 352 1437 447 1481; x_wconf 87' lang='lat' dir='ltr'>effet</span> <span class='ocrx_word' id='word_1_167' title='bbox 464 1472 474 1491; x_wconf 87' lang='lat'>,</span> <span class='ocrx_word' id='word_1_168' title='bbox 518 1438 627 1493; x_wconf 84' lang='lat' dir='ltr'>plura</span> <span class='ocrx_word' id='word_1_169' title='bbox 667 1439 819 1478; x_wconf 87' lang='lat' dir='ltr'>minora</span> <span class='ocrx_word' id='word_1_170' title='bbox 859 1437 1027 1478; x_wconf 88' lang='lat' dir='ltr'>adhiberi</span> <span class='ocrx_word' id='word_1_171' title='bbox 1068 1436 1249 1492; x_wconf 75' lang='lat' dir='ltr'>possent,</span> <span class='ocrx_word' id='word_1_172' title='bbox 1292 1451 1387 1492; x_wconf 86' lang='lat' dir='ltr'>quae</span> <span class='ocrx_word' id='word_1_173' title='bbox 1429 1451 1561 1492; x_wconf 87' lang='lat' dir='ltr'>parem</span> <span class='ocrx_word' id='word_1_174' title='bbox 1595 1438 1662 1479; x_wconf 86' lang='lat' dir='ltr'>vel</span> 
     </span>
     <span class='ocr_line' id='line_1_21' title="bbox 353 1501 1662 1556; baseline -0.001 -13"><span class='ocrx_word' id='word_1_175' title='bbox 353 1503 542 1544; x_wconf 82' lang='lat' dir='ltr'>maiorem</span> <span class='ocrx_word' id='word_1_176' title='bbox 576 1501 757 1541; x_wconf 59' lang='lat' dir='ltr'>effectum</span> <span class='ocrx_word' id='word_1_177' title='bbox 790 1501 1052 1555; x_wconf 74' lang='lat' dir='ltr'>praestarent3</span> <span class='ocrx_word' id='word_1_178' title='bbox 1090 1515 1211 1556; x_wconf 91' lang='lat' dir='ltr'>neque</span> <span class='ocrx_word' id='word_1_179' title='bbox 1244 1501 1401 1541; x_wconf 87' lang='lat' dir='ltr'>difficile</span> <span class='ocrx_word' id='word_1_180' title='bbox 1443 1501 1541 1542; x_wconf 92' lang='lat' dir='ltr'>foret</span> <span class='ocrx_word' id='word_1_181' title='bbox 1573 1515 1662 1542; x_wconf 89' lang='lat' dir='ltr'>mo-</span> 
     </span>
     <span class='ocr_line' id='line_1_22' title="bbox 353 1564 1660 1619; baseline -0.001 -12"><span class='ocrx_word' id='word_1_182' title='bbox 353 1566 446 1608; x_wconf 92' lang='lat' dir='ltr'>dum</span> <span class='ocrx_word' id='word_1_183' title='bbox 489 1566 710 1619; x_wconf 87' lang='lat' dir='ltr'>excogitare</span> <span class='ocrx_word' id='word_1_184' title='bbox 728 1597 739 1617; x_wconf 91' lang='lat'>‚</span> <span class='ocrx_word' id='word_1_185' title='bbox 780 1577 858 1618; x_wconf 91' lang='lat' dir='ltr'>quo</span> <span class='ocrx_word' id='word_1_186' title='bbox 892 1565 1110 1605; x_wconf 86' lang='lat' dir='ltr'>huiusmodi</span> <span class='ocrx_word' id='word_1_187' title='bbox 1152 1564 1430 1605; x_wconf 79' lang='lat' dir='ltr'>rnechanistnus</span> <span class='ocrx_word' id='word_1_188' title='bbox 1463 1565 1541 1605; x_wconf 89' lang='lat' dir='ltr'>fine</span> <span class='ocrx_word' id='word_1_189' title='bbox 1574 1565 1660 1606; x_wconf 86' lang='lat' dir='ltr'>vllo</span> 
     </span>
     <span class='ocr_line' id='line_1_23' title="bbox 353 1628 1507 1683; baseline -0.003 -12"><span class='ocrx_word' id='word_1_190' title='bbox 353 1629 602 1683; x_wconf 77' lang='lat' dir='ltr'>nauigationis</span> <span class='ocrx_word' id='word_1_191' title='bbox 634 1629 891 1669; x_wconf 89' lang='lat' dir='ltr'>incommodo</span> <span class='ocrx_word' id='word_1_192' title='bbox 925 1628 972 1668; x_wconf 92' lang='lat' dir='ltr'>ad</span> <span class='ocrx_word' id='word_1_193' title='bbox 1002 1628 1110 1668; x_wconf 86' lang='lat' dir='ltr'>vsum</span> <span class='ocrx_word' id='word_1_194' title='bbox 1143 1629 1507 1668; x_wconf 80' lang='lat' dir='ltr'>accommodaretur.</span> 
     </span>
    </p>

    <p class='ocr_par' dir='ltr' id='par_1_4' title="bbox 352 1691 1660 2130">
     <span class='ocr_line' id='line_1_24' title="bbox 502 1691 1659 1743; baseline 0.001 -11"><span class='ocrx_word' id='word_1_195' title='bbox 502 1693 537 1743; x_wconf 65' lang='grc' dir='ltr'>ξ.</span> <span class='ocrx_word' id='word_1_196' title='bbox 566 1706 607 1742; x_wconf 90' lang='lat'>9.</span> <span class='ocrx_word' id='word_1_197' title='bbox 644 1692 792 1733; x_wconf 90' lang='lat' dir='ltr'>Verum</span> <span class='ocrx_word' id='word_1_198' title='bbox 825 1691 918 1732; x_wconf 86' lang='lat' dir='ltr'>haec</span> <span class='ocrx_word' id='word_1_199' title='bbox 959 1692 1098 1732; x_wconf 80' lang='lat' dir='ltr'>vtilitas</span> <span class='ocrx_word' id='word_1_200' title='bbox 1131 1692 1171 1732; x_wconf 92' lang='lat' dir='ltr'>in</span> <span class='ocrx_word' id='word_1_201' title='bbox 1203 1705 1245 1731; x_wconf 91' lang='lat' dir='ltr'>re</span> <span class='ocrx_word' id='word_1_202' title='bbox 1279 1693 1427 1732; x_wconf 86' lang='lat' dir='ltr'>nautica</span> <span class='ocrx_word' id='word_1_203' title='bbox 1460 1693 1573 1732; x_wconf 81' lang='lat' dir='ltr'>nimis</span> <span class='ocrx_word' id='word_1_204' title='bbox 1607 1692 1659 1733; x_wconf 89' lang='lat' dir='ltr'>est</span> 
     </span>
     <span class='ocr_line' id='line_1_25' title="bbox 352 1753 1660 1811; baseline -0.001 -14"><span class='ocrx_word' id='word_1_205' title='bbox 352 1769 491 1811; x_wconf 85' lang='lat' dir='ltr'>magna</span> <span class='ocrx_word' id='word_1_206' title='bbox 510 1790 520 1809; x_wconf 84' lang='lat'>,</span> <span class='ocrx_word' id='word_1_207' title='bbox 563 1769 679 1810; x_wconf 91' lang='lat' dir='ltr'>quam</span> <span class='ocrx_word' id='word_1_208' title='bbox 719 1765 763 1796; x_wconf 89' lang='lat' dir='ltr'>ut</span> <span class='ocrx_word' id='word_1_209' title='bbox 805 1768 889 1797; x_wconf 89' lang='lat' dir='ltr'>eam</span> <span class='ocrx_word' id='word_1_210' title='bbox 931 1756 1075 1797; x_wconf 83' lang='lat' dir='ltr'>tamdiu</span> <span class='ocrx_word' id='word_1_211' title='bbox 1110 1755 1226 1795; x_wconf 86' lang='lat' dir='ltr'>latere</span> <span class='ocrx_word' id='word_1_212' title='bbox 1257 1753 1422 1809; x_wconf 83' lang='lat' dir='ltr'>potuisse</span> <span class='ocrx_word' id='word_1_213' title='bbox 1455 1756 1660 1796; x_wconf 77' lang='lat' dir='ltr'>verisimile</span> 
     </span>
     <span class='ocr_line' id='line_1_26' title="bbox 353 1818 1660 1876; baseline -0.002 -14"><span class='ocrx_word' id='word_1_214' title='bbox 353 1821 398 1863; x_wconf 85' lang='lat' dir='ltr'>fit</span> <span class='ocrx_word' id='word_1_215' title='bbox 415 1854 425 1874; x_wconf 83' lang='lat'>,</span> <span class='ocrx_word' id='word_1_216' title='bbox 459 1819 675 1876; x_wconf 87' lang='lat' dir='ltr'>praesertim</span> <span class='ocrx_word' id='word_1_217' title='bbox 709 1833 796 1860; x_wconf 91' lang='lat' dir='ltr'>cum</span> <span class='ocrx_word' id='word_1_218' title='bbox 830 1832 909 1861; x_wconf 91' lang='lat' dir='ltr'>non</span> <span class='ocrx_word' id='word_1_219' title='bbox 944 1819 1151 1860; x_wconf 88' lang='lat' dir='ltr'>admodum</span> <span class='ocrx_word' id='word_1_220' title='bbox 1187 1818 1407 1859; x_wconf 87' lang='lat' dir='ltr'>abscondito</span> <span class='ocrx_word' id='word_1_221' title='bbox 1448 1819 1660 1860; x_wconf 87' lang='lat' dir='ltr'>mechanis-</span> 
     </span>
     <span class='ocr_line' id='line_1_27' title="bbox 354 1883 1659 1937; baseline -0.002 -10"><span class='ocrx_word' id='word_1_222' title='bbox 354 1897 426 1927; x_wconf 90' lang='lat' dir='ltr'>mo</span> <span class='ocrx_word' id='word_1_223' title='bbox 460 1884 698 1925; x_wconf 87' lang='lat' dir='ltr'>contineatur</span> <span class='ocrx_word' id='word_1_224' title='bbox 715 1917 726 1936; x_wconf 80' lang='lat'>,</span> <span class='ocrx_word' id='word_1_225' title='bbox 760 1893 873 1937; x_wconf 82' lang='lat' dir='ltr'>atque</span> <span class='ocrx_word' id='word_1_226' title='bbox 906 1884 1002 1925; x_wconf 88' lang='lat' dir='ltr'>adeo</span> <span class='ocrx_word' id='word_1_227' title='bbox 1026 1883 1078 1923; x_wconf 93' lang='lat' dir='ltr'>ob</span> <span class='ocrx_word' id='word_1_228' title='bbox 1100 1883 1218 1937; x_wconf 76' lang='lat' dir='ltr'>ipsam</span> <span class='ocrx_word' id='word_1_229' title='bbox 1244 1883 1543 1924; x_wconf 90' lang='lat' dir='ltr'>commodorum</span> <span class='ocrx_word' id='word_1_230' title='bbox 1576 1896 1659 1924; x_wconf 86' lang='lat' dir='ltr'>ma-</span> 
     </span>
     <span class='ocr_line' id='line_1_28' title="bbox 353 1947 1658 2002; baseline 0.001 -15"><span class='ocrx_word' id='word_1_231' title='bbox 353 1949 592 2002; x_wconf 86' lang='lat' dir='ltr'>gnitudinem</span> <span class='ocrx_word' id='word_1_232' title='bbox 626 1948 767 1988; x_wconf 87' lang='lat' dir='ltr'>merito</span> <span class='ocrx_word' id='word_1_233' title='bbox 800 1949 839 1988; x_wconf 90' lang='lat' dir='ltr'>in</span> <span class='ocrx_word' id='word_1_234' title='bbox 871 1947 1117 2002; x_wconf 88' lang='lat' dir='ltr'>suspicionem</span> <span class='ocrx_word' id='word_1_235' title='bbox 1136 1948 1302 1987; x_wconf 88' lang='lat' dir='ltr'>incurrit.</span> <span class='ocrx_word' id='word_1_236' title='bbox 1372 1947 1512 2000; x_wconf 88' lang='lat' dir='ltr'>Neque</span> <span class='ocrx_word' id='word_1_237' title='bbox 1545 1948 1658 1988; x_wconf 85' lang='lat' dir='ltr'>etiam</span> 
     </span>
     <span class='ocr_line' id='line_1_29' title="bbox 356 2010 1658 2065; baseline -0.002 -12"><span class='ocrx_word' id='word_1_238' title='bbox 356 2012 603 2053; x_wconf 86' lang='lat' dir='ltr'>mediocriter</span> <span class='ocrx_word' id='word_1_239' title='bbox 643 2012 737 2052; x_wconf 83' lang='lat' dir='ltr'>haec</span> <span class='ocrx_word' id='word_1_240' title='bbox 779 2011 936 2065; x_wconf 87' lang='lat' dir='ltr'>suspicio</span> <span class='ocrx_word' id='word_1_241' title='bbox 969 2020 1137 2063; x_wconf 86' lang='lat' dir='ltr'>augetur,</span> <span class='ocrx_word' id='word_1_242' title='bbox 1171 2010 1275 2063; x_wconf 88' lang='lat' dir='ltr'>quod</span> <span class='ocrx_word' id='word_1_243' title='bbox 1319 2011 1518 2064; x_wconf 88' lang='lat' dir='ltr'>descriptio</span> <span class='ocrx_word' id='word_1_244' title='bbox 1550 2010 1658 2051; x_wconf 89' lang='lat' dir='ltr'>huius</span> 
     </span>
     <span class='ocr_line' id='line_1_30' title="bbox 356 2072 1659 2130; baseline -0.005 -10"><span class='ocrx_word' id='word_1_245' title='bbox 356 2074 504 2120; x_wconf 80' lang='lat' dir='ltr'>artificii</span> <span class='ocrx_word' id='word_1_246' title='bbox 543 2085 693 2117; x_wconf 83' lang='lat' dir='ltr'>tantum</span> <span class='ocrx_word' id='word_1_247' title='bbox 726 2076 767 2116; x_wconf 89' lang='lat' dir='ltr'>in</span> <span class='ocrx_word' id='word_1_248' title='bbox 800 2075 988 2130; x_wconf 84' lang='lat' dir='ltr'>opusculis</span> <span class='ocrx_word' id='word_1_249' title='bbox 1033 2073 1247 2128; x_wconf 87' lang='lat' dir='ltr'>posthumis</span> <span class='ocrx_word' id='word_1_250' title='bbox 1288 2073 1422 2116; x_wconf 86' lang='lat' dir='ltr'>Iacobi</span> <span class='ocrx_word' id='word_1_251' title='bbox 1463 2072 1659 2115; x_wconf 86' lang='lat' dir='ltr'>Bernoulli</span> 
     </span>
    </p>

    <p class='ocr_par' dir='ltr' id='par_1_5' title="bbox 1547 2150 1659 2193">
     <span class='ocr_line' id='line_1_31' title="bbox 1547 2150 1659 2193; baseline 0 -15"><span class='ocrx_word' id='word_1_252' title='bbox 1547 2150 1659 2193; x_wconf 80' lang='lat' dir='ltr'>repe-</span> 
     </span>
    </p>
   </div>
  </div>
 </body>
</html>
