1820 2506
289 167 371 211 DE
403 165 644 211 CALORIS
676 161 757 210 ET
789 164 1068 210 FRIG'ORIS
1101 169 1306 214 CAVSA.
1376 183 1463 224 207

135 285 386 339 calefiustum,
422 286 512 327 licet
552 287 598 328 ad
632 287 788 329 oculum
821 287 1008 342 quiescere
1040 286 1217 328 videatur
1235 321 1246 340 ,
1288 301 1458 342 corpora

135 360 266 392 tamen
300 350 369 391 fibi
402 352 558 392 admota
591 352 661 392 alia
692 351 844 404 fundit,
877 351 948 393 alia
988 353 1028 392 in
1068 364 1235 406 vapores
1274 352 1425 393 resoluit
1448 386 1459 406 ,

134 413 212 456 hoc
247 415 319 468 est,
355 415 522 469 partibus
556 429 691 457 eorum
723 418 761 456 in
779 426 934 458 motum
965 416 1179 468 excitatis}
1205 416 1272 456 fibi
1306 430 1463 472 quoque

135 490 288 521 motum
340 480 492 520 alicuius
540 482 721 522 materiae
761 479 878 521 ineffe
922 481 1099 522 ostendit.
1169 480 1359 534 Equidem
1379 495 1460 522 non

134 543 186 584 ibi
220 554 349 585 motus
379 545 475 584 adeo
505 545 696 597 negandus
729 546 783 586 est
802 578 813 598 ,
845 545 915 588 -vbi
947 545 1069 586 nullus
1095 545 1136 585 in
1156 545 1293 586 oculos
1334 546 1462 592 incur-

131 609 209 648 rit:
244 609 326 663 quis
356 609 463 648 enim
498 608 650 661 negabit
683 618 807 649 vento
840 610 1059 663 impetuoso
1089 609 1234 662 syluam
1260 609 1460 667 perflante,

130 670 221 712 folia
253 671 447 726 arborum,
467 680 508 711 et
538 684 668 712 ramos
701 673 831 726 agitari
851 705 862 725 ,
888 673 989 714 -licet
1008 687 1030 713 e
1048 674 1263 728 longinquo
1288 672 1461 728 spectans

130 735 278 776 nullum
312 745 466 777 motum
515 735 594 776 visu
646 733 934 791 assequeretur?
977 737 1321 792 Quemadmodum
1361 750 1460 779 vero

131 799 204 840 hic>
227 799 280 840 ob
313 799 542 852 distant-iam,
577 800 627 841 fic
652 801 691 840 in
709 801 936 855 corporibus
967 802 1108 854 calidis,
1143 802 1195 842 ob
1229 803 1456 843 tenuitatem

128 863 403 918 particularum
436 874 569 905 motae
607 865 801 917 materiae,
844 866 1003 918 agitatio
1037 866 1161 905 vistim
1202 865 1366 918 effugit:
1412 866 1456 906 in

129 936 297 982 Vtroque
346 929 451 969 enim
504 931 587 968 casu
637 930 795 981 angulus
845 929 1004 969 visionis
1053 937 1134 969 tam
1185 938 1315 969 acutus
1381 929 1455 982 est,

128 1000 174 1032 vt
209 1004 333 1046 neque
366 991 468 1046 ipsae
498 992 703 1046 particulae
735 992 799 1032 sub
836 1005 887 1032 eo
927 992 1187 1045 constitutaer
1210 1005 1336 1047 neque
1366 1005 1457 1034 mo-

126 1064 186 1097 tus
236 1068 368 1097 earum
410 1057 533 1097 videri
575 1056 702 1110 poffit.
776 1054 853 1097 Sed
894 1058 1092 1098 neminem
1128 1057 1196 1097 nisi
1229 1057 1456 1111 qualitatum

126 1119 367 1161 occultarum
401 1131 611 1174 patronum
643 1121 807 1174 aliquem
840 1120 921 1160 fore
953 1121 1178 1162 arbitramur
1197 1153 1207 1173 ,
1243 1123 1308 1175 qui
1351 1122 1458 1176 caloq

125 1195 232 1236 rem,
263 1192 324 1223 tot
338 1184 596 1224 mutationum
613 1183 922 1235 instrumentum,
959 1184 1100 1223 otiosae
1133 1185 1286 1225 cuidam
1305 1196 1346 1225 et
1363 1198 1455 1225 orn-v

126 1247 169 1288 ni
201 1255 328 1300 motu,
362 1247 532 1302 adeoque
564 1255 604 1288 et
636 1248 678 1288 vi
709 1247 896 1288 mouendi
928 1247 1126 1288 destitutae
1159 1250 1343 1297 materiae
1387 1250 1454 1290 tri-

125 1311 230 1354 buat.
922 1358 924 1360 ,
1378 1349 1380 1353 ,

254 1377 313 1425 ·§.
353 1387 393 1425 3.
430 1376 631 1432 Quoniam
662 1388 765 1416 -vero
799 1388 966 1430 corpora
999 1375 1144 1429 duplici
1177 1385 1289 1423 motu
1335 1377 1453 1431 agita,-

125 1441 158 1490 ri
190 1438 348 1495 poffunt
367 1474 378 1494 ‚
414 1440 520 1482 totali
537 1474 548 1493 ,
570 1453 681 1495 iquo,
701 1439 975 1494 quiescentibus
992 1440 1102 1485 iuxta
1120 1440 1156 1480 se
1181 1441 1348 1481 inuicem
1364 1455 1451 1495 par-

122 1504 247 1557 tibus,
285 1515 413 1547 totum
455 1518 598 1559 corpus
637 1514 785 1545 mutare
825 1506 1015 1544 continuo
1047 1503 1154 1544 suum
1188 1504 1320 1544 locum
1340 1537 1352 1557 ,
1384 1504 1451 1546 vel

119 1569 279 1625 intestino
296 1602 307 1623 ,
350 1571 415 1624 qui
457 1569 497 1608 in
530 1567 748 1611 mutatione
786 1568 875 1608 situs
892 1567 1158 1609 insensibilium
1178 1568 1348 1620 partium
1365 1581 1450 1610 ma-

122 1634 239 1674 teriae
273 1634 523 1688 concipitur3
558 1643 597 1673 et
631 1633 718 1687 quia
752 1632 862 1673 totali
896 1632 1040 1686 saepius
1065 1630 1326 1686 perniciffimo
1360 1633 1449 1674 nul-

120 1696 176 1737 lus
194 1731 205 1751 ‚
239 1698 416 1738 et.nullo
448 1710 608 1752 magnus
640 1696 749 1737 calor
782 1696 1026 1750 obseruaturz,
1067 1705 1176 1750 patet
1217 1708 1312 1749 ergo
1352 1697 1448 1739 calo-

121 1772 200 1803 rem
233 1762 411 1817 conlistere
445 1764 483 1802 in
516 1769 610 1803 motu
642 1763 823 1803 materiae
862 1761 1034 1814 intestino.

272 1826 307 1875 §.
343 1839 385 1876 4.
420 1824 589 1866 Materia
618 1826 660 1866 in
677 1826 907 1880 corporibus
939 1825 1085 1879 duplex
1117 1823 1171 1864 est
1189 1857 1200 1877 ,
1233 1822 1446 1880 cohaerens,

121 1901 266 1944 nempe
297 1902 392 1944 quae
425 1902 514 1930 cum
548 1898 636 1930 toto
667 1903 836 1944 corpore
861 1899 1042 1931 mouetur
1076 1898 1115 1929 et
1142 1889 1329 1942 impetum
1344 1889 1448 1944 facit,

125 1964 237 2008 atque
254 1953 420 1995 fluminis
434 1953 548 1995 instar
565 1965 685 2008 poros
718 1954 817 1995 illius
847 1953 1080 1996 interlabens.
1152 1953 1449 2009 Quaeriturzitass

124 2030 200 2071 que
218 2050 229 2070 ‚
263 2031 447 2072 quaenam
480 2032 611 2060 earum
645 2020 684 2059 in
706 2028 819 2060 motu
852 2018 1057 2059 constituta
1089 2016 1259 2058 calorem
1299 2019 1444 2071 gignat.

122 2081 227 2124 Huic
260 2083 465 2140 quaestioni
496 2093 543 2126 vt
559 2082 730 2138 satisfiat,
762 2084 996 2126 excutienda
1026 2081 1110 2123 sunt
1123 2081 1308 2138 palmaria
1324 2083 1444 2136 phae

1270 2157 1445 2188 nomena
