1820 2506
327 205 418 245 304
534 186 939 236 MECHANICAE
970 181 1283 229 COELESTIS
1303 184 1464 229 SPECI
1468 186 1523 229 M
1528 219 1536 228 .
1554 186 1645 237 &ce

324 313 381 353 tui
422 309 506 351 solis
542 318 693 349 tantum
727 307 911 362 quadrat,
953 302 1080 344 nostra
1114 315 1211 344 vero
1245 317 1320 357 pro
1351 307 1534 347 omnibus
1573 306 1656 359 pla-

325 376 426 416 netis
457 372 743 414 accommodari
777 370 915 425 potest.
983 366 1168 422 Denique
1206 367 1261 417 5)
1295 368 1420 409 nostra
1451 370 1514 410 sub
1534 370 1637 423 quali

331 439 395 480 bet
428 437 642 477 eleuatione
675 435 888 490 aequatoris
921 432 1075 473 inseruit
1092 463 1106 484 ,
1139 444 1231 472 cum
1266 432 1552 485 graueffindiana
1573 444 1654 474 tan-

329 510 416 542 tum
448 501 488 540 in
522 499 594 540 illis
624 499 720 540 locis
751 497 919 539 adhiberi
953 503 1094 551 queat,
1139 495 1210 535 vbi
1245 496 1415 536 eleuatio
1445 498 1658 549 aequatoris

332 565 380 607 ab
412 564 638 618 obiiquitate
673 562 871 616 horologii
904 573 985 602 non
1015 558 1185 601 multum
1228 559 1425 613 discrepat.

483 628 516 676 §—
543 640 612 667 22.
647 624 939 681 Superaddimus
980 623 1102 664 adhuc
1121 656 1132 676 ‚
1175 624 1279 676 quod
1320 624 1380 665 M.
1419 621 1551 664 Boffat
1583 624 1659 666 iam

332 693 508 735 inciderit
541 692 581 731 in
613 691 803 731 eiusmodi
836 688 1085 740 methodum,
1120 687 1271 727 obiedht
1313 701 1382 742 per
1417 688 1495 728 duo
1528 688 1658 741 specu-

330 756 370 798 la·
386 790 398 809 ,
438 768 555 796 manu
587 754 843 795 conuertenda
862 786 873 805 ,
907 754 947 793 in
981 751 1114 792 tubum
1152 750 1384 792 reflecstendi.
1454 752 1562 792 Haec
1591 765 1664 793 ve«

333 832 382 862 ro
416 819 558 874 partim
591 827 753 873 propter
785 814 989 857 taediosstm
1023 814 1288 854 tractationem
1322 815 1552 867 manualem,
1573 828 1656 869 par-

335 885 406 925 tim
441 891 602 937 propter
642 883 828 934 infignem
861 878 1149 930 difficultatem,
1185 878 1378 932 planetam
1413 877 1482 919 hac
1512 890 1662 920 fanone

334 947 384 988 ad
417 945 575 986 oculum
616 945 831 997 redigendi,
866 943 1011 996 partim
1046 942 1161 982 etiam
1197 953 1358 995 propter
1392 942 1663 985 obscuritatem

336 1009 482 1052 obiesti
530 1020 585 1050 ex
633 1007 780 1064 dupiici
830 1005 1045 1049 reflexione
1096 1005 1143 1048 ab
1175 1006 1404 1048 astronomis
1459 1019 1541 1047 non
1589 1006 1659 1048 fiiit

336 1082 503 1129 recepta.
