1820 2506
551 171 787 226 »ἓθῖἓὲὲὲω
820 182 850 212 0
882 171 1119 226 ⁴⁸·>3-2235123«
1439 176 1498 224 67

213 281 331 346 DE
381 281 1030 345 PROPAGATIONE
1077 280 1460 345 PVLSVVM

266 385 276 393 -
463 373 568 418 PER
602 373 845 417 MEDIVM
880 371 1212 418 ELASTICVM

708 483 942 522 AVCTORE

627 550 679 592 L.
713 550 749 591 Ε
759 548 801 593 V
813 551 849 592 L
860 550 899 593 Ε
909 550 947 592 R
957 547 1011 591 O„

776 664 812 714 ξ.
855 675 892 704 Ι,

176 759 427 878 Medium
470 768 667 812 elasticum
710 771 751 811 in
793 769 890 811 statu
933 767 1143 824 aequilibrii
1175 768 1316 811 versari
1357 769 1583 825 nequitjrab.
1595 775 1653 807 111θ

329 834 399 876 nisi
432 846 570 876 omnes
604 837 681 877 eius
715 834 924 890 particulae
957 834 1172 889 aequalibus
1205 835 1352 876 viribus
1385 835 1506 876 elasti-

175 901 230 942 cis
280 899 320 940 in
372 899 410 940 se
459 908 598 941 mutuo
639 909 765 954 agant.
832 900 952 956 Quod
984 899 1012 940 fi
1045 908 1176 940 autem
1210 911 1288 938 vna
1320 899 1506 954 particula

175 965 313 1019 adepta
345 962 456 1005 fuerit
488 965 681 1006 maiorem
713 963 976 1005 elasticitatem
997 996 1008 1016 ‚
1042 975 1160 1017 quam
1193 962 1359 1018 reliquae
1377 997 1388 1018 ‚
1422 973 1508 1005 tum

177 1029 232 1071 ob
266 1028 406 1070 statum
441 1028 653 1084 aequilibrii
686 1027 871 1070 sublatum
905 1027 999 1069 haec
1032 1027 1102 1068 sele
1136 1027 1398 1082 expandendo
1416 1062 1427 1081 ,
1462 1041 1506 1070 ac

174 1093 336 1149 reliqua's
367 1094 490 1149 magis
500 1092 511 1105 ’“
521 1094 823 1149 comprimendo
841 1093 987 1134 tamdiu
1005 1092 1207 1146 agitabitur
1225 1126 1236 1145 ,
1271 1093 1398 1134 donec
1416 1106 1487 1148 per

176 1157 318 1201 festum
355 1159 619 1214 aequilibrium
664 1160 764 1199 inter
806 1171 943 1200 omnes
983 1158 1086 1198 vires
1125 1157 1239 1198 flierit
1271 1157 1500 1200 restitutum.

177 1222 452 1265 particularum
486 1225 593 1264 enim
626 1223 862 1265 elasticarum
902 1222 1094 1263 eiusmodi
1136 1222 1189 1263 est
1232 1222 1382 1264 indoles
1401 1257 1412 1277 ,
1456 1231 1504 1264 vt

177 1300 255 1342 quo
289 1288 411 1342 magis
443 1288 717 1342 expanduntur
735 1322 745 1340 ‚
780 1300 830 1328 eo
862 1288 1057 1328 minorem
1090 1286 1292 1327 obtineant
1325 1289 1409 1328 vim
1427 1287 1504 1328 ela-2

178 1353 310 1393 stiram
329 1385 341 1404 ,
381 1361 518 1392 contra
557 1364 676 1404 vero,
709 1364 790 1406 quo
823 1352 946 1405 magis
978 1352 1294 1405 comprimuntur
1311 1361 1351 1392 et
1369 1352 1408 1393 in
1427 1354 1503 1394 mio

178 1430 250 1459 nus
299 1414 488 1457 volumen
520 1416 743 1469 rediguntur
761 1449 772 1469 ,
832 1428 963 1456 earum
1016 1416 1075 1455 vis
1126 1414 1272 1471 elastica
1309 1426 1500 1470 augeatur.

175 1482 409 1538 Quanquam
442 1489 574 1522 autem
606 1480 685 1522 hoc
717 1482 1003 1522 incrementum
1037 1492 1080 1520 ac
1113 1479 1407 1522 decrementum
1427 1481 1501 1522 ela-

177 1546 346 1588 sticitatis
388 1557 463 1600 pro
495 1547 646 1587 ratione
679 1545 781 1587 audti
814 1554 854 1586 et
896 1545 1038 1586 minuti
1079 1544 1295 1586 voluminis
1336 1543 1502 1588 diuersis-

174 1611 284 1655 simas
316 1600 595 1665 proportiones
626 1609 728 1665 sequi
760 1609 889 1666 potest
906 1643 918 1663 ‚
952 1619 1085 1651 tamen
1119 1608 1145 1651 si
1178 1611 1348 1651 mutatio
1389 1612 1502 1653 volu—

177 1676 289 1720 minis
322 1676 431 1716 {aierit
457 1679 582 1731 'quam
615 1676 775 1717 minima
795 1709 806 1728 ,
840 1684 1092 1729 augmentum
1127 1675 1193 1716 vel
1209 1676 1501 1718 decrementum

177 1742 236 1783 vis
284 1738 456 1781 elasticae
505 1739 565 1781 his
614 1740 704 1796 ipsis
752 1740 1030 1783 mutationibus
1080 1740 1376 1795 proportionale
1435 1742 1502 1783 cle—

170 1796 433 1863 prehenditur„
741 1852 745 1856 ι

323 1869 358 1918 §.
398 1881 435 1907 2.
473 1867 720 1912 Difficillima
751 1878 879 1912 autem
913 1870 1162 1924 maximeque
1202 1869 1315 1911 ardua
1348 1871 1500 1912 videtur

177 1933 345 1989 quaestio
364 1966 375 1986 ,
417 1947 489 1988 qua
533 1936 757 1976 commotio
797 1935 1023 1988 singularum
1067 1934 1341 1989 particularum
1383 1936 1502 1977 medii

177 1999 318 2040 elastici
337 2031 347 2049 ,
382 2010 473 2039 cum
506 1999 770 2054 aequilibrium
812 1999 925 2041 semel
966 1997 1079 2039 fuerit
1127 1999 1314 2040 sublatum
1334 2034 1344 2053 ,
1389 2013 1501 2054 quaen

181 2066 276 2105 ritur
295 2096 305 2115 ,
339 2061 448 2102 simul
480 2072 607 2104 autem
649 2064 828 2105 resolutio
863 2063 971 2104 huius
1003 2063 1230 2118 quaestionis
1263 2065 1302 2104 in
1345 2065 1502 2119 physica

179 2126 343 2171 maximi
379 2126 431 2168 est
463 2130 659 2170 momenti
678 2162 689 2183 ,
722 2132 810 2171 cum
844 2128 1026 2169 formatio
1067 2139 1106 2169 et
1147 2130 1378 2184 propagatio
1420 2130 1501 2170 soni

796 2192 817 2235 1
853 2206 879 2232 a
1459 2194 1500 2235 in
