<?xml version="1.0" encoding="UTF-8"?>
<!DOCTYPE html PUBLIC "-//W3C//DTD XHTML 1.0 Transitional//EN"
    "http://www.w3.org/TR/xhtml1/DTD/xhtml1-transitional.dtd">
<html xmlns="http://www.w3.org/1999/xhtml" xml:lang="en" lang="en">
 <head>
  <title>
</title>
<meta http-equiv="Content-Type" content="text/html;charset=utf-8" />
  <meta name='ocr-system' content='tesseract 3.04.00' />
  <meta name='ocr-capabilities' content='ocr_page ocr_carea ocr_par ocr_line ocrx_word'/>
</head>
<body>
  <div class='ocr_page' id='page_1' title='image "./novicommentariac01impe_0306.png"; bbox 0 0 1820 2506; ppageno 0'>
   <div class='ocr_carea' id='block_1_1' title="bbox 391 176 1270 230">
    <p class='ocr_par' dir='ltr' id='par_1_1' title="bbox 391 176 1270 230">
     <span class='ocr_line' id='line_1_1' title="bbox 391 176 1270 230; baseline 0.001 -5"><span class='ocrx_word' id='word_1_1' title='bbox 391 194 448 228; x_wconf 83' lang='lat'><strong>20</strong></span> <span class='ocrx_word' id='word_1_2' title='bbox 457 189 479 230; x_wconf 80' lang='lat'>8</span> <span class='ocrx_word' id='word_1_3' title='bbox 835 176 1270 226; x_wconf 75' lang='lat' dir='ltr'><em>MEDITAT10NES</em></span> 
     </span>
    </p>
   </div>
   <div class='ocr_carea' id='block_1_2' title="bbox 389 297 1732 2205">
    <p class='ocr_par' dir='ltr' id='par_1_2' title="bbox 389 297 1732 2205">
     <span class='ocr_line' id='line_1_2' title="bbox 390 297 1710 356; baseline -0.001 -12"><span class='ocrx_word' id='word_1_4' title='bbox 390 314 561 347; x_wconf 85' lang='lat' dir='ltr'><strong>nomena</strong></span> <span class='ocrx_word' id='word_1_5' title='bbox 579 333 591 353; x_wconf 91' lang='lat'>‚</span> <span class='ocrx_word' id='word_1_6' title='bbox 626 311 723 356; x_wconf 85' lang='lat' dir='ltr'><strong>quae</strong></span> <span class='ocrx_word' id='word_1_7' title='bbox 753 301 853 344; x_wconf 87' lang='lat' dir='ltr'><strong>circa</strong></span> <span class='ocrx_word' id='word_1_8' title='bbox 883 312 1049 354; x_wconf 90' lang='lat' dir='ltr'><strong>corpora</strong></span> <span class='ocrx_word' id='word_1_9' title='bbox 1089 298 1209 339; x_wconf 85' lang='lat' dir='ltr'><strong>calida</strong></span> <span class='ocrx_word' id='word_1_10' title='bbox 1242 297 1496 342; x_wconf 67' lang='lat' dir='ltr'><strong>obstruantur.</strong></span> <span class='ocrx_word' id='word_1_11' title='bbox 1562 298 1623 342; x_wconf 86' lang='lat' dir='ltr'><strong>Ea</strong></span> <span class='ocrx_word' id='word_1_12' title='bbox 1639 310 1710 343; x_wconf 78' lang='lat' dir='ltr'><strong>ve-</strong></span> 
     </span>
     <span class='ocr_line' id='line_1_3' title="bbox 389 360 1709 419; baseline -0.002 -10"><span class='ocrx_word' id='word_1_13' title='bbox 389 379 440 409; x_wconf 84' lang='lat' dir='ltr'><strong>ro</strong></span> <span class='ocrx_word' id='word_1_14' title='bbox 479 366 730 408; x_wconf 89' lang='lat' dir='ltr'><strong>consideranti</strong></span> <span class='ocrx_word' id='word_1_15' title='bbox 770 366 938 407; x_wconf 88' lang='lat' dir='ltr'><strong>occurrit</strong></span> <span class='ocrx_word' id='word_1_16' title='bbox 959 396 970 416; x_wconf 89' lang='lat'>,</span> <span class='ocrx_word' id='word_1_17' title='bbox 1018 360 1059 419; x_wconf 74' lang='lat' dir='ltr'><strong>r)</strong></span> <span class='ocrx_word' id='word_1_18' title='bbox 1101 362 1272 404; x_wconf 87' lang='lat' dir='ltr'><strong>calorem</strong></span> <span class='ocrx_word' id='word_1_19' title='bbox 1313 363 1354 403; x_wconf 90' lang='lat' dir='ltr'><strong>in</strong></span> <span class='ocrx_word' id='word_1_20' title='bbox 1394 365 1620 419; x_wconf 89' lang='lat' dir='ltr'>corporibus</span> <span class='ocrx_word' id='word_1_21' title='bbox 1659 375 1709 406; x_wconf 88' lang='lat' dir='ltr'><strong>eo</strong></span> 
     </span>
     <span class='ocr_line' id='line_1_4' title="bbox 392 424 1709 482; baseline -0.003 -10"><span class='ocrx_word' id='word_1_22' title='bbox 392 431 585 472; x_wconf 88' lang='lat' dir='ltr'><strong>maiorem</strong></span> <span class='ocrx_word' id='word_1_23' title='bbox 617 424 783 470; x_wconf 66' lang='lat' dir='ltr'><strong>existere</strong></span> <span class='ocrx_word' id='word_1_24' title='bbox 800 461 812 481; x_wconf 87' lang='lat'>,</span> <span class='ocrx_word' id='word_1_25' title='bbox 844 440 924 482; x_wconf 93' lang='lat' dir='ltr'><strong>quo</strong></span> <span class='ocrx_word' id='word_1_26' title='bbox 965 427 1172 467; x_wconf 87' lang='lat' dir='ltr'><strong>cohaerens</strong></span> <span class='ocrx_word' id='word_1_27' title='bbox 1203 439 1338 467; x_wconf 89' lang='lat' dir='ltr'><strong>eorum</strong></span> <span class='ocrx_word' id='word_1_28' title='bbox 1370 430 1529 468; x_wconf 87' lang='lat' dir='ltr'><strong>materia</strong></span> <span class='ocrx_word' id='word_1_29' title='bbox 1544 429 1599 470; x_wconf 90' lang='lat' dir='ltr'><strong>est</strong></span> <span class='ocrx_word' id='word_1_30' title='bbox 1616 428 1709 468; x_wconf 91' lang='lat' dir='ltr'><strong>den-</strong></span> 
     </span>
     <span class='ocr_line' id='line_1_5' title="bbox 393 490 1710 548; baseline -0.003 -12"><span class='ocrx_word' id='word_1_31' title='bbox 393 494 471 537; x_wconf 82' lang='lat' dir='ltr'><strong>sior</strong></span> <span class='ocrx_word' id='word_1_32' title='bbox 487 527 499 548; x_wconf 89' lang='lat'>,</span> <span class='ocrx_word' id='word_1_33' title='bbox 533 504 572 536; x_wconf 89' lang='lat' dir='ltr'><strong>et</strong></span> <span class='ocrx_word' id='word_1_34' title='bbox 601 502 747 534; x_wconf 85' lang='lat' dir='ltr'><strong>contra.</strong></span> <span class='ocrx_word' id='word_1_35' title='bbox 816 491 876 533; x_wconf 93' lang='lat' dir='ltr'><strong>Ita</strong></span> <span class='ocrx_word' id='word_1_36' title='bbox 907 490 1036 532; x_wconf 83' lang='lat' dir='ltr'>laxior</span> <span class='ocrx_word' id='word_1_37' title='bbox 1068 491 1175 545; x_wconf 87' lang='lat' dir='ltr'><strong>stupa</strong></span> <span class='ocrx_word' id='word_1_38' title='bbox 1207 490 1403 531; x_wconf 83' lang='lat' dir='ltr'><strong>flammam</strong></span> <span class='ocrx_word' id='word_1_39' title='bbox 1436 493 1605 546; x_wconf 90' lang='lat' dir='ltr'><strong>concipit</strong></span> <span class='ocrx_word' id='word_1_40' title='bbox 1629 503 1710 532; x_wconf 83' lang='lat' dir='ltr'><strong>ma-</strong></span> 
     </span>
     <span class='ocr_line' id='line_1_6' title="bbox 392 554 1712 614; baseline -0.002 -16"><span class='ocrx_word' id='word_1_41' title='bbox 392 569 510 614; x_wconf 86' lang='lat' dir='ltr'>gnam</span> <span class='ocrx_word' id='word_1_42' title='bbox 543 557 699 613; x_wconf 90' lang='lat' dir='ltr'><strong>quidem</strong></span> <span class='ocrx_word' id='word_1_43' title='bbox 718 589 730 608; x_wconf 87' lang='lat'>,</span> <span class='ocrx_word' id='word_1_44' title='bbox 763 554 825 597; x_wconf 88' lang='lat' dir='ltr'><strong>sed</strong></span> <span class='ocrx_word' id='word_1_45' title='bbox 858 555 957 596; x_wconf 88' lang='lat' dir='ltr'><strong>aestu</strong></span> <span class='ocrx_word' id='word_1_46' title='bbox 989 554 1115 597; x_wconf 83' lang='lat' dir='ltr'><strong>multo</strong></span> <span class='ocrx_word' id='word_1_47' title='bbox 1147 554 1300 596; x_wconf 88' lang='lat' dir='ltr'><strong>minore</strong></span> <span class='ocrx_word' id='word_1_48' title='bbox 1332 554 1566 609; x_wconf 82' lang='lat' dir='ltr'><strong>praeditam,</strong></span> <span class='ocrx_word' id='word_1_49' title='bbox 1585 567 1712 610; x_wconf 87' lang='lat' dir='ltr'><strong>quam,</strong></span> 
     </span>
     <span class='ocr_line' id='line_1_7' title="bbox 394 616 1716 674; baseline -0.002 -11"><span class='ocrx_word' id='word_1_50' title='bbox 394 623 465 663; x_wconf 80' lang='lat' dir='ltr'><strong>vbi</strong></span> <span class='ocrx_word' id='word_1_51' title='bbox 506 621 571 663; x_wconf 91' lang='lat' dir='ltr'><strong>illa</strong></span> <span class='ocrx_word' id='word_1_52' title='bbox 609 620 771 663; x_wconf 59' lang='lat' dir='ltr'><strong>strictius</strong></span> <span class='ocrx_word' id='word_1_53' title='bbox 804 619 1009 674; x_wconf 60' lang='lat' dir='ltr'><strong>compacta</strong></span> <span class='ocrx_word' id='word_1_54' title='bbox 1048 619 1273 660; x_wconf 84' lang='lat' dir='ltr'><strong>incenditur.</strong></span> <span class='ocrx_word' id='word_1_55' title='bbox 1348 616 1542 660; x_wconf 87' lang='lat' dir='ltr'><strong>Stramine</strong></span> <span class='ocrx_word' id='word_1_56' title='bbox 1561 651 1572 671; x_wconf 87' lang='lat'>,</span> <span class='ocrx_word' id='word_1_57' title='bbox 1611 618 1716 672; x_wconf 86' lang='lat' dir='ltr'><strong>quod</strong></span> 
     </span>
     <span class='ocr_line' id='line_1_8' title="bbox 393 681 1716 737; baseline -0.004 -10"><span class='ocrx_word' id='word_1_58' title='bbox 393 685 438 727; x_wconf 86' lang='lat' dir='ltr'><strong>in</strong></span> <span class='ocrx_word' id='word_1_59' title='bbox 470 687 609 727; x_wconf 90' lang='lat' dir='ltr'><strong>mitem</strong></span> <span class='ocrx_word' id='word_1_60' title='bbox 639 685 839 727; x_wconf 84' lang='lat' dir='ltr'><strong>flammam</strong></span> <span class='ocrx_word' id='word_1_61' title='bbox 871 683 961 725; x_wconf 87' lang='lat' dir='ltr'><strong>alias</strong></span> <span class='ocrx_word' id='word_1_62' title='bbox 992 683 1162 737; x_wconf 86' lang='lat' dir='ltr'><strong>expandi</strong></span> <span class='ocrx_word' id='word_1_63' title='bbox 1196 682 1292 723; x_wconf 87' lang='lat' dir='ltr'><strong>solet</strong></span> <span class='ocrx_word' id='word_1_64' title='bbox 1311 714 1322 734; x_wconf 92' lang='lat'>,</span> <span class='ocrx_word' id='word_1_65' title='bbox 1354 682 1532 723; x_wconf 90' lang='lat' dir='ltr'><strong>fertilium</strong></span> <span class='ocrx_word' id='word_1_66' title='bbox 1556 681 1716 728; x_wconf 78' lang='lat' dir='ltr'><strong>Russiae</strong></span> 
     </span>
     <span class='ocr_line' id='line_1_9' title="bbox 396 746 1717 804; baseline -0.005 -13"><span class='ocrx_word' id='word_1_67' title='bbox 396 761 628 804; x_wconf 88' lang='lat' dir='ltr'><strong>camporum</strong></span> <span class='ocrx_word' id='word_1_68' title='bbox 647 782 658 801; x_wconf 85' lang='lat'>,</span> <span class='ocrx_word' id='word_1_69' title='bbox 690 749 804 802; x_wconf 85' lang='lat' dir='ltr'><strong>syluis</strong></span> <span class='ocrx_word' id='word_1_70' title='bbox 835 748 1061 798; x_wconf 82' lang='lat' dir='ltr'><strong>carentium,</strong></span> <span class='ocrx_word' id='word_1_71' title='bbox 1081 746 1229 787; x_wconf 87' lang='lat' dir='ltr'><strong>incolae</strong></span> <span class='ocrx_word' id='word_1_72' title='bbox 1261 746 1452 800; x_wconf 87' lang='lat' dir='ltr'><strong>lignorum</strong></span> <span class='ocrx_word' id='word_1_73' title='bbox 1471 746 1584 787; x_wconf 87' lang='lat' dir='ltr'><strong>instar</strong></span> <span class='ocrx_word' id='word_1_74' title='bbox 1601 756 1717 787; x_wconf 68' lang='lat' dir='ltr'><strong>vtun-</strong></span> 
     </span>
     <span class='ocr_line' id='line_1_10' title="bbox 395 809 1719 867; baseline -0.003 -12"><span class='ocrx_word' id='word_1_75' title='bbox 395 820 459 855; x_wconf 88' lang='lat' dir='ltr'><strong>tur</strong></span> <span class='ocrx_word' id='word_1_76' title='bbox 476 846 488 867; x_wconf 90' lang='lat'>,</span> <span class='ocrx_word' id='word_1_77' title='bbox 519 812 693 855; x_wconf 86' lang='lat' dir='ltr'><strong>indensos</strong></span> <span class='ocrx_word' id='word_1_78' title='bbox 723 821 763 853; x_wconf 89' lang='lat' dir='ltr'><strong>et</strong></span> <span class='ocrx_word' id='word_1_79' title='bbox 795 809 935 853; x_wconf 78' lang='lat' dir='ltr'><strong>crassos</strong></span> <span class='ocrx_word' id='word_1_80' title='bbox 967 812 1145 852; x_wconf 88' lang='lat' dir='ltr'><strong>rudentes</strong></span> <span class='ocrx_word' id='word_1_81' title='bbox 1177 818 1397 863; x_wconf 83' lang='lat' dir='ltr'><strong>contorto·‚</strong></span> <span class='ocrx_word' id='word_1_82' title='bbox 1432 809 1534 863; x_wconf 86' lang='lat' dir='ltr'><strong>ligna</strong></span> <span class='ocrx_word' id='word_1_83' title='bbox 1567 809 1719 864; x_wconf 85' lang='lat' dir='ltr'><strong>porofi-</strong></span> 
     </span>
     <span class='ocr_line' id='line_1_11' title="bbox 394 873 1721 929; baseline -0.003 -10"><span class='ocrx_word' id='word_1_84' title='bbox 394 888 466 919; x_wconf 87' lang='lat' dir='ltr'><strong>ora</strong></span> <span class='ocrx_word' id='word_1_85' title='bbox 498 877 645 919; x_wconf 82' lang='lat' dir='ltr'><strong>leniore</strong></span> <span class='ocrx_word' id='word_1_86' title='bbox 685 876 787 918; x_wconf 87' lang='lat' dir='ltr'><strong>aestu</strong></span> <span class='ocrx_word' id='word_1_87' title='bbox 820 876 953 917; x_wconf 79' lang='lat' dir='ltr'><strong>ardent</strong></span> <span class='ocrx_word' id='word_1_88' title='bbox 970 907 981 926; x_wconf 91' lang='lat'>,</span> <span class='ocrx_word' id='word_1_89' title='bbox 1020 886 1137 929; x_wconf 90' lang='lat' dir='ltr'><strong>quam</strong></span> <span class='ocrx_word' id='word_1_90' title='bbox 1177 885 1274 928; x_wconf 89' lang='lat' dir='ltr'><strong>quae</strong></span> <span class='ocrx_word' id='word_1_91' title='bbox 1315 873 1491 914; x_wconf 85' lang='lat' dir='ltr'><strong>solidiora</strong></span> <span class='ocrx_word' id='word_1_92' title='bbox 1531 873 1613 914; x_wconf 92' lang='lat' dir='ltr'><strong>sunt</strong></span> <span class='ocrx_word' id='word_1_93' title='bbox 1633 907 1644 928; x_wconf 87' lang='lat'>‚</span> <span class='ocrx_word' id='word_1_94' title='bbox 1678 881 1721 915; x_wconf 83' lang='lat' dir='ltr'><strong>et</strong></span> 
     </span>
     <span class='ocr_line' id='line_1_12' title="bbox 397 935 1722 993; baseline -0.002 -11"><span class='ocrx_word' id='word_1_95' title='bbox 397 940 583 993; x_wconf 86' lang='lat' dir='ltr'><strong>carbones</strong></span> <span class='ocrx_word' id='word_1_96' title='bbox 614 940 751 982; x_wconf 73' lang='lat' dir='ltr'><strong>fossiles</strong></span> <span class='ocrx_word' id='word_1_97' title='bbox 782 939 973 993; x_wconf 86' lang='lat' dir='ltr'><strong>lapideam</strong></span> <span class='ocrx_word' id='word_1_98' title='bbox 1006 937 1205 979; x_wconf 84' lang='lat' dir='ltr'><strong>materiam</strong></span> <span class='ocrx_word' id='word_1_99' title='bbox 1240 937 1346 990; x_wconf 88' lang='lat' dir='ltr'><strong>poris</strong></span> <span class='ocrx_word' id='word_1_100' title='bbox 1378 935 1447 978; x_wconf 89' lang='lat' dir='ltr'><strong>suis</strong></span> <span class='ocrx_word' id='word_1_101' title='bbox 1479 938 1722 979; x_wconf 67' lang='lat' dir='ltr'><strong>continentes</strong></span> 
     </span>
     <span class='ocr_line' id='line_1_13' title="bbox 397 1001 1722 1058; baseline -0.002 -14"><span class='ocrx_word' id='word_1_102' title='bbox 397 1003 560 1044; x_wconf 77' lang='lat' dir='ltr'><strong>validius</strong></span> <span class='ocrx_word' id='word_1_103' title='bbox 591 1013 709 1045; x_wconf 86' lang='lat' dir='ltr'><strong>vrunt</strong></span> <span class='ocrx_word' id='word_1_104' title='bbox 728 1037 739 1057; x_wconf 86' lang='lat'>,</span> <span class='ocrx_word' id='word_1_105' title='bbox 774 1015 888 1058; x_wconf 91' lang='lat' dir='ltr'><strong>quam</strong></span> <span class='ocrx_word' id='word_1_106' title='bbox 919 1002 1103 1043; x_wconf 87' lang='lat' dir='ltr'><strong>carbones</strong></span> <span class='ocrx_word' id='word_1_107' title='bbox 1134 1001 1330 1054; x_wconf 86' lang='lat' dir='ltr'><strong>lignorum</strong></span> <span class='ocrx_word' id='word_1_108' title='bbox 1363 1001 1492 1042; x_wconf 80' lang='lat' dir='ltr'><strong>vacuis</strong></span> <span class='ocrx_word' id='word_1_109' title='bbox 1516 1001 1722 1043; x_wconf 85' lang='lat' dir='ltr'><strong>interstitiis</strong></span> 
     </span>
     <span class='ocr_line' id='line_1_14' title="bbox 395 1055 1722 1122; baseline -0.002 -13"><span class='ocrx_word' id='word_1_110' title='bbox 395 1066 600 1122; x_wconf 83' lang='lat' dir='ltr'><strong>spongiosi.</strong></span> <span class='ocrx_word' id='word_1_111' title='bbox 659 1055 848 1121; x_wconf 56' lang='lat' dir='ltr'><strong>‘Denique</strong></span> <span class='ocrx_word' id='word_1_112' title='bbox 896 1079 961 1106; x_wconf 88' lang='lat' dir='ltr'><strong>aer</strong></span> <span class='ocrx_word' id='word_1_113' title='bbox 1011 1065 1195 1106; x_wconf 74' lang='lat' dir='ltr'><strong>inferioris</strong></span> <span class='ocrx_word' id='word_1_114' title='bbox 1235 1064 1520 1119; x_wconf 86' lang='lat' dir='ltr'><strong>atmosphaerae</strong></span> <span class='ocrx_word' id='word_1_115' title='bbox 1571 1065 1722 1106; x_wconf 78' lang='lat' dir='ltr'><strong>densior</strong></span> 
     </span>
     <span class='ocr_line' id='line_1_15' title="bbox 397 1127 1722 1184; baseline -0.002 -13"><span class='ocrx_word' id='word_1_116' title='bbox 397 1142 488 1172; x_wconf 86' lang='lat' dir='ltr'><strong>aura</strong></span> <span class='ocrx_word' id='word_1_117' title='bbox 527 1131 728 1184; x_wconf 90' lang='lat' dir='ltr'><strong>superioris</strong></span> <span class='ocrx_word' id='word_1_118' title='bbox 753 1162 765 1182; x_wconf 90' lang='lat'>‚</span> <span class='ocrx_word' id='word_1_119' title='bbox 805 1129 953 1169; x_wconf 88' lang='lat' dir='ltr'><strong>maiore</strong></span> <span class='ocrx_word' id='word_1_120' title='bbox 972 1161 984 1181; x_wconf 82' lang='lat'>,</span> <span class='ocrx_word' id='word_1_121' title='bbox 1034 1141 1129 1181; x_wconf 84' lang='lat' dir='ltr'><strong>quae</strong></span> <span class='ocrx_word' id='word_1_122' title='bbox 1176 1127 1295 1168; x_wconf 85' lang='lat' dir='ltr'><strong>ambit</strong></span> <span class='ocrx_word' id='word_1_123' title='bbox 1313 1160 1326 1178; x_wconf 80' lang='lat'>,</span> <span class='ocrx_word' id='word_1_124' title='bbox 1383 1127 1503 1168; x_wconf 89' lang='lat' dir='ltr'><strong>afficit</strong></span> <span class='ocrx_word' id='word_1_125' title='bbox 1551 1137 1691 1182; x_wconf 87' lang='lat' dir='ltr'><strong>tepore</strong></span> <span class='ocrx_word' id='word_1_126' title='bbox 1708 1160 1722 1181; x_wconf 86' lang='lat'>‚</span> 
     </span>
     <span class='ocr_line' id='line_1_16' title="bbox 395 1189 1722 1248; baseline -0.002 -14"><span class='ocrx_word' id='word_1_127' title='bbox 395 1205 514 1248; x_wconf 90' lang='lat' dir='ltr'><strong>quam</strong></span> <span class='ocrx_word' id='word_1_128' title='bbox 556 1193 620 1234; x_wconf 89' lang='lat' dir='ltr'><strong>illa</strong></span> <span class='ocrx_word' id='word_1_129' title='bbox 638 1226 650 1246; x_wconf 89' lang='lat'>,</span> <span class='ocrx_word' id='word_1_130' title='bbox 683 1202 728 1233; x_wconf 78' lang='lat' dir='ltr'><strong>vt</strong></span> <span class='ocrx_word' id='word_1_131' title='bbox 760 1190 1002 1233; x_wconf 77' lang='lat' dir='ltr'><strong>calidissimae</strong></span> <span class='ocrx_word' id='word_1_132' title='bbox 1032 1189 1154 1231; x_wconf 87' lang='lat' dir='ltr'><strong>valles</strong></span> <span class='ocrx_word' id='word_1_133' title='bbox 1185 1189 1381 1230; x_wconf 90' lang='lat' dir='ltr'><strong>montibus</strong></span> <span class='ocrx_word' id='word_1_134' title='bbox 1412 1198 1604 1232; x_wconf 86' lang='lat' dir='ltr'><strong>aeternam</strong></span> <span class='ocrx_word' id='word_1_135' title='bbox 1645 1191 1722 1245; x_wconf 84' lang='lat' dir='ltr'><strong>gla-</strong></span> 
     </span>
     <span class='ocr_line' id='line_1_17' title="bbox 398 1250 1726 1310; baseline -0.002 -12"><span class='ocrx_word' id='word_1_136' title='bbox 398 1257 502 1298; x_wconf 89' lang='lat' dir='ltr'><strong>ciem</strong></span> <span class='ocrx_word' id='word_1_137' title='bbox 535 1256 798 1299; x_wconf 88' lang='lat' dir='ltr'><strong>sustinentibus</strong></span> <span class='ocrx_word' id='word_1_138' title='bbox 829 1255 978 1297; x_wconf 71' lang='lat' dir='ltr'><strong>cinctae</strong></span> <span class='ocrx_word' id='word_1_139' title='bbox 1010 1253 1230 1309; x_wconf 92' lang='lat' dir='ltr'><strong>loquuntur.</strong></span> <span class='ocrx_word' id='word_1_140' title='bbox 1270 1259 1312 1301; x_wconf 87' lang='lat'><strong>2)</strong></span> <span class='ocrx_word' id='word_1_141' title='bbox 1354 1250 1515 1295; x_wconf 90' lang='lat' dir='ltr'><strong>Constat</strong></span> <span class='ocrx_word' id='word_1_142' title='bbox 1557 1267 1726 1310; x_wconf 84' lang='lat' dir='ltr'><strong>corpora</strong></span> 
     </span>
     <span class='ocr_line' id='line_1_18' title="bbox 397 1317 1727 1372; baseline -0.003 -9"><span class='ocrx_word' id='word_1_143' title='bbox 397 1320 570 1363; x_wconf 83' lang='lat' dir='ltr'><strong>densiora</strong></span> <span class='ocrx_word' id='word_1_144' title='bbox 609 1320 673 1362; x_wconf 89' lang='lat' dir='ltr'><strong>sub</strong></span> <span class='ocrx_word' id='word_1_145' title='bbox 712 1320 857 1362; x_wconf 90' lang='lat' dir='ltr'><strong>eodem</strong></span> <span class='ocrx_word' id='word_1_146' title='bbox 905 1318 1106 1361; x_wconf 78' lang='lat' dir='ltr'><strong>volumine</strong></span> <span class='ocrx_word' id='word_1_147' title='bbox 1137 1317 1223 1372; x_wconf 86' lang='lat' dir='ltr'><strong>plus</strong></span> <span class='ocrx_word' id='word_1_148' title='bbox 1264 1319 1447 1359; x_wconf 87' lang='lat' dir='ltr'><strong>materiae</strong></span> <span class='ocrx_word' id='word_1_149' title='bbox 1486 1318 1727 1360; x_wconf 87' lang='lat' dir='ltr'><strong>cohaerentis</strong></span> 
     </span>
     <span class='ocr_line' id='line_1_19' title="bbox 400 1382 1728 1440; baseline -0.002 -14"><span class='ocrx_word' id='word_1_150' title='bbox 400 1386 600 1426; x_wconf 85' lang='lat' dir='ltr'><strong>continere</strong></span> <span class='ocrx_word' id='word_1_151' title='bbox 617 1418 629 1438; x_wconf 90' lang='lat'>,</span> <span class='ocrx_word' id='word_1_152' title='bbox 661 1398 778 1440; x_wconf 90' lang='lat' dir='ltr'><strong>quam</strong></span> <span class='ocrx_word' id='word_1_153' title='bbox 813 1383 1085 1425; x_wconf 87' lang='lat' dir='ltr'><strong>interlabentis.</strong></span> <span class='ocrx_word' id='word_1_154' title='bbox 1121 1382 1320 1440; x_wconf 81' lang='lat' dir='ltr'><strong>Quoniam</strong></span> <span class='ocrx_word' id='word_1_155' title='bbox 1351 1391 1477 1424; x_wconf 87' lang='lat' dir='ltr'><strong>autem</strong></span> <span class='ocrx_word' id='word_1_156' title='bbox 1495 1395 1549 1423; x_wconf 86' lang='lat' dir='ltr'><strong>ex</strong></span> <span class='ocrx_word' id='word_1_157' title='bbox 1581 1382 1728 1437; x_wconf 84' lang='lat' dir='ltr'><strong>legibus</strong></span> 
     </span>
     <span class='ocr_line' id='line_1_20' title="bbox 401 1443 1729 1502; baseline -0.003 -10"><span class='ocrx_word' id='word_1_158' title='bbox 401 1449 638 1492; x_wconf 88' lang='lat' dir='ltr'><strong>mechanicis</strong></span> <span class='ocrx_word' id='word_1_159' title='bbox 653 1458 791 1490; x_wconf 90' lang='lat' dir='ltr'><strong>notum</strong></span> <span class='ocrx_word' id='word_1_160' title='bbox 807 1447 882 1500; x_wconf 87' lang='lat' dir='ltr'><strong>est,</strong></span> <span class='ocrx_word' id='word_1_161' title='bbox 900 1445 1148 1502; x_wconf 79' lang='lat' dir='ltr'><strong>quantitatem</strong></span> <span class='ocrx_word' id='word_1_162' title='bbox 1164 1455 1296 1488; x_wconf 89' lang='lat' dir='ltr'><strong>motus</strong></span> <span class='ocrx_word' id='word_1_163' title='bbox 1330 1459 1380 1488; x_wconf 91' lang='lat' dir='ltr'><strong>eo</strong></span> <span class='ocrx_word' id='word_1_164' title='bbox 1412 1447 1604 1488; x_wconf 86' lang='lat' dir='ltr'><strong>maiorem</strong></span> <span class='ocrx_word' id='word_1_165' title='bbox 1636 1443 1729 1500; x_wconf 84' lang='lat' dir='ltr'><strong>effe,</strong></span> 
     </span>
     <span class='ocr_line' id='line_1_21' title="bbox 402 1510 1724 1568; baseline -0.002 -14"><span class='ocrx_word' id='word_1_166' title='bbox 402 1525 484 1568; x_wconf 91' lang='lat' dir='ltr'><strong>quo</strong></span> <span class='ocrx_word' id='word_1_167' title='bbox 516 1513 712 1567; x_wconf 87' lang='lat' dir='ltr'><strong>copiosior</strong></span> <span class='ocrx_word' id='word_1_168' title='bbox 741 1512 795 1552; x_wconf 89' lang='lat' dir='ltr'><strong>est</strong></span> <span class='ocrx_word' id='word_1_169' title='bbox 819 1513 980 1552; x_wconf 87' lang='lat' dir='ltr'><strong>materia</strong></span> <span class='ocrx_word' id='word_1_170' title='bbox 1013 1521 1136 1564; x_wconf 87' lang='lat' dir='ltr'><strong>mota,</strong></span> <span class='ocrx_word' id='word_1_171' title='bbox 1170 1519 1208 1567; x_wconf 80' lang='lat' dir='ltr'><strong>et</strong></span> <span class='ocrx_word' id='word_1_172' title='bbox 1224 1521 1382 1564; x_wconf 78' lang='lat' dir='ltr'><strong>contra3</strong></span> <span class='ocrx_word' id='word_1_173' title='bbox 1417 1511 1545 1565; x_wconf 89' lang='lat' dir='ltr'><strong>itaque</strong></span> <span class='ocrx_word' id='word_1_174' title='bbox 1578 1510 1605 1551; x_wconf 88' lang='lat' dir='ltr'>fi</span> <span class='ocrx_word' id='word_1_175' title='bbox 1624 1511 1724 1552; x_wconf 86' lang='lat' dir='ltr'><strong>calo-</strong></span> 
     </span>
     <span class='ocr_line' id='line_1_22' title="bbox 403 1571 1730 1628; baseline -0.002 -11"><span class='ocrx_word' id='word_1_176' title='bbox 403 1576 456 1619; x_wconf 76' lang='lat' dir='ltr'><strong>ris</strong></span> <span class='ocrx_word' id='word_1_177' title='bbox 490 1577 590 1617; x_wconf 85' lang='lat' dir='ltr'><strong>ratio</strong></span> <span class='ocrx_word' id='word_1_178' title='bbox 628 1574 818 1617; x_wconf 83' lang='lat' dir='ltr'><strong>sufficiens</strong></span> <span class='ocrx_word' id='word_1_179' title='bbox 857 1575 978 1628; x_wconf 87' lang='lat' dir='ltr'><strong>pofita</strong></span> <span class='ocrx_word' id='word_1_180' title='bbox 1013 1571 1106 1615; x_wconf 86' lang='lat' dir='ltr'><strong>esset</strong></span> <span class='ocrx_word' id='word_1_181' title='bbox 1124 1576 1163 1615; x_wconf 90' lang='lat' dir='ltr'><strong>in</strong></span> <span class='ocrx_word' id='word_1_182' title='bbox 1188 1582 1302 1614; x_wconf 92' lang='lat' dir='ltr'><strong>motu</strong></span> <span class='ocrx_word' id='word_1_183' title='bbox 1334 1574 1514 1615; x_wconf 89' lang='lat' dir='ltr'><strong>intestino</strong></span> <span class='ocrx_word' id='word_1_184' title='bbox 1547 1575 1730 1616; x_wconf 84' lang='lat' dir='ltr'><strong>materiae</strong></span> 
     </span>
     <span class='ocr_line' id='line_1_23' title="bbox 402 1638 1732 1693; baseline -0.001 -13"><span class='ocrx_word' id='word_1_185' title='bbox 402 1639 675 1692; x_wconf 87' lang='lat' dir='ltr'><strong>interlabentis,</strong></span> <span class='ocrx_word' id='word_1_186' title='bbox 708 1650 876 1693; x_wconf 88' lang='lat' dir='ltr'><strong>corpora</strong></span> <span class='ocrx_word' id='word_1_187' title='bbox 895 1639 1048 1690; x_wconf 86' lang='lat' dir='ltr'><strong>rariora,</strong></span> <span class='ocrx_word' id='word_1_188' title='bbox 1080 1639 1132 1678; x_wconf 93' lang='lat' dir='ltr'><strong>ob</strong></span> <span class='ocrx_word' id='word_1_189' title='bbox 1147 1638 1336 1679; x_wconf 89' lang='lat' dir='ltr'><strong>maiorem</strong></span> <span class='ocrx_word' id='word_1_190' title='bbox 1370 1638 1527 1692; x_wconf 87' lang='lat' dir='ltr'><strong>copiam</strong></span> <span class='ocrx_word' id='word_1_191' title='bbox 1568 1639 1607 1680; x_wconf 91' lang='lat' dir='ltr'><strong>in</strong></span> <span class='ocrx_word' id='word_1_192' title='bbox 1624 1639 1732 1693; x_wconf 88' lang='lat' dir='ltr'><strong>poris</strong></span> 
     </span>
     <span class='ocr_line' id='line_1_24' title="bbox 403 1700 1731 1756; baseline -0.002 -11"><span class='ocrx_word' id='word_1_193' title='bbox 403 1715 543 1745; x_wconf 89' lang='lat' dir='ltr'><strong>eorum</strong></span> <span class='ocrx_word' id='word_1_194' title='bbox 576 1704 758 1745; x_wconf 82' lang='lat' dir='ltr'><strong>materiae</strong></span> <span class='ocrx_word' id='word_1_195' title='bbox 789 1702 1059 1755; x_wconf 82' lang='lat' dir='ltr'><strong>interlabentis‚</strong></span> <span class='ocrx_word' id='word_1_196' title='bbox 1100 1702 1256 1743; x_wconf 89' lang='lat' dir='ltr'><strong>maioris</strong></span> <span class='ocrx_word' id='word_1_197' title='bbox 1294 1701 1433 1742; x_wconf 87' lang='lat' dir='ltr'><strong>caloris</strong></span> <span class='ocrx_word' id='word_1_198' title='bbox 1472 1703 1627 1756; x_wconf 86' lang='lat' dir='ltr'><strong>capacia</strong></span> <span class='ocrx_word' id='word_1_199' title='bbox 1677 1700 1731 1743; x_wconf 92' lang='lat' dir='ltr'><strong>es-</strong></span> 
     </span>
     <span class='ocr_line' id='line_1_25' title="bbox 405 1765 1731 1822; baseline -0.002 -13"><span class='ocrx_word' id='word_1_200' title='bbox 405 1768 487 1809; x_wconf 83' lang='lat' dir='ltr'><strong>sent</strong></span> <span class='ocrx_word' id='word_1_201' title='bbox 509 1801 520 1820; x_wconf 87' lang='lat'>,</span> <span class='ocrx_word' id='word_1_202' title='bbox 552 1781 667 1822; x_wconf 89' lang='lat' dir='ltr'><strong>quam</strong></span> <span class='ocrx_word' id='word_1_203' title='bbox 709 1779 803 1822; x_wconf 90' lang='lat' dir='ltr'><strong>quae</strong></span> <span class='ocrx_word' id='word_1_204' title='bbox 838 1767 1009 1807; x_wconf 84' lang='lat' dir='ltr'><strong>densiora</strong></span> <span class='ocrx_word' id='word_1_205' title='bbox 1050 1765 1146 1807; x_wconf 88' lang='lat' dir='ltr'><strong>sunt.</strong></span> <span class='ocrx_word' id='word_1_206' title='bbox 1214 1765 1361 1806; x_wconf 58' lang='lat' dir='ltr'><strong>Verum</strong></span> <span class='ocrx_word' id='word_1_207' title='bbox 1406 1767 1591 1819; x_wconf 82' lang='lat' dir='ltr'><strong>quoniam</strong></span> <span class='ocrx_word' id='word_1_208' title='bbox 1633 1777 1731 1806; x_wconf 88' lang='lat' dir='ltr'><strong>con-</strong></span> 
     </span>
     <span class='ocr_line' id='line_1_26' title="bbox 403 1829 1730 1886; baseline -0.001 -14"><span class='ocrx_word' id='word_1_209' title='bbox 403 1839 463 1872; x_wconf 84' lang='lat' dir='ltr'><strong>tra</strong></span> <span class='ocrx_word' id='word_1_210' title='bbox 497 1834 686 1886; x_wconf 88' lang='lat' dir='ltr'><strong>quantitas</strong></span> <span class='ocrx_word' id='word_1_211' title='bbox 717 1832 856 1874; x_wconf 88' lang='lat' dir='ltr'><strong>caloris</strong></span> <span class='ocrx_word' id='word_1_212' title='bbox 890 1829 1094 1884; x_wconf 87' lang='lat' dir='ltr'><strong>respondet</strong></span> <span class='ocrx_word' id='word_1_213' title='bbox 1128 1830 1256 1884; x_wconf 82' lang='lat' dir='ltr'><strong>potius</strong></span> <span class='ocrx_word' id='word_1_214' title='bbox 1295 1830 1476 1870; x_wconf 86' lang='lat' dir='ltr'><strong>materiae</strong></span> <span class='ocrx_word' id='word_1_215' title='bbox 1517 1841 1730 1884; x_wconf 88' lang='lat' dir='ltr'><strong>corporum</strong></span> 
     </span>
     <span class='ocr_line' id='line_1_27' title="bbox 404 1888 1731 1951; baseline 0 -16"><span class='ocrx_word' id='word_1_216' title='bbox 404 1894 677 1949; x_wconf 72' lang='lat' dir='ltr'><strong>cohaerentis3</strong></span> <span class='ocrx_word' id='word_1_217' title='bbox 711 1896 821 1938; x_wconf 87' lang='lat' dir='ltr'><strong>Patet</strong></span> <span class='ocrx_word' id='word_1_218' title='bbox 856 1897 970 1951; x_wconf 81' lang='lat' dir='ltr'><strong>igitur</strong></span> <span class='ocrx_word' id='word_1_219' title='bbox 999 1894 1131 1936; x_wconf 80' lang='lat' dir='ltr'><strong>caloris</strong></span> <span class='ocrx_word' id='word_1_220' title='bbox 1164 1896 1339 1935; x_wconf 81' lang='lat' dir='ltr'><strong>rationem</strong></span> <span class='ocrx_word' id='word_1_221' title='bbox 1358 1888 1587 1949; x_wconf 82' lang='lat' dir='ltr'><strong>sufficientem</strong></span> <span class='ocrx_word' id='word_1_222' title='bbox 1618 1895 1731 1936; x_wconf 84' lang='lat' dir='ltr'><strong>conti-</strong></span> 
     </span>
     <span class='ocr_line' id='line_1_28' title="bbox 404 1956 1575 2016; baseline -0.003 -15"><span class='ocrx_word' id='word_1_223' title='bbox 404 1960 488 2001; x_wconf 80' lang='lat' dir='ltr'><strong>neri</strong></span> <span class='ocrx_word' id='word_1_224' title='bbox 527 1961 564 2001; x_wconf 83' lang='lat' dir='ltr'><strong>in</strong></span> <span class='ocrx_word' id='word_1_225' title='bbox 598 1967 690 2001; x_wconf 79' lang='lat' dir='ltr'><strong>motu</strong></span> <span class='ocrx_word' id='word_1_226' title='bbox 721 1970 906 2016; x_wconf 83' lang='lat' dir='ltr'><strong>corporum</strong></span> <span class='ocrx_word' id='word_1_227' title='bbox 939 1960 1098 2015; x_wconf 80' lang='lat' dir='ltr'><strong>intestino</strong></span> <span class='ocrx_word' id='word_1_228' title='bbox 1128 1961 1305 2000; x_wconf 81' lang='lat' dir='ltr'><strong>materiae</strong></span> <span class='ocrx_word' id='word_1_229' title='bbox 1337 1956 1575 2000; x_wconf 74' lang='lat' dir='ltr'><strong>cohaerentis.</strong></span> 
     </span>
     <span class='ocr_line' id='line_1_29' title="bbox 524 2020 1731 2077; baseline -0.001 -14"><span class='ocrx_word' id='word_1_230' title='bbox 524 2025 559 2073; x_wconf 71' lang='lat'><strong>§—</strong></span> <span class='ocrx_word' id='word_1_231' title='bbox 587 2036 624 2073; x_wconf 80' lang='grc' dir='ltr'><strong>ς.</strong></span> <span class='ocrx_word' id='word_1_232' title='bbox 645 2022 909 2067; x_wconf 82' lang='lat' dir='ltr'><strong>Confirmatur</strong></span> <span class='ocrx_word' id='word_1_233' title='bbox 923 2023 1017 2065; x_wconf 87' lang='lat' dir='ltr'><strong>haec</strong></span> <span class='ocrx_word' id='word_1_234' title='bbox 1039 2025 1178 2063; x_wconf 89' lang='lat' dir='ltr'><strong>veritas</strong></span> <span class='ocrx_word' id='word_1_235' title='bbox 1199 2020 1351 2061; x_wconf 68' lang='lat' dir='ltr'><strong>afflone</strong></span> <span class='ocrx_word' id='word_1_236' title='bbox 1370 2021 1544 2063; x_wconf 88' lang='lat' dir='ltr'><strong>coelestis</strong></span> <span class='ocrx_word' id='word_1_237' title='bbox 1561 2021 1659 2063; x_wconf 83' lang='lat' dir='ltr'><strong>illius</strong></span> <span class='ocrx_word' id='word_1_238' title='bbox 1673 2022 1731 2077; x_wconf 80' lang='lat' dir='ltr'><strong>ig-</strong></span> 
     </span>
     <span class='ocr_line' id='line_1_30' title="bbox 397 2085 1719 2146; baseline -0.002 -16"><span class='ocrx_word' id='word_1_239' title='bbox 397 2087 466 2130; x_wconf 63' lang='lat' dir='ltr'><strong>nis</strong></span> <span class='ocrx_word' id='word_1_240' title='bbox 483 2119 495 2142; x_wconf 64' lang='lat' dir='ltr'><strong>a</strong></span> <span class='ocrx_word' id='word_1_241' title='bbox 533 2089 781 2131; x_wconf 82' lang='lat' dir='ltr'><strong>causticarum</strong></span> <span class='ocrx_word' id='word_1_242' title='bbox 829 2102 909 2146; x_wconf 86' lang='lat' dir='ltr'><strong>ope</strong></span> <span class='ocrx_word' id='word_1_243' title='bbox 945 2086 1212 2130; x_wconf 78' lang='lat' dir='ltr'><strong>machinarum</strong></span> <span class='ocrx_word' id='word_1_244' title='bbox 1257 2085 1484 2143; x_wconf 85' lang='lat' dir='ltr'><strong>corporibus</strong></span> <span class='ocrx_word' id='word_1_245' title='bbox 1527 2085 1719 2143; x_wconf 78' lang='lat' dir='ltr'><strong>impressi,</strong></span> 
     </span>
     <span class='ocr_line' id='line_1_31' title="bbox 1661 2162 1729 2205; baseline 0 -13"><span class='ocrx_word' id='word_1_246' title='bbox 1661 2162 1729 2205; x_wconf 80' lang='lat' dir='ltr'><strong>qui</strong></span> 
     </span>
    </p>
   </div>
  </div>
 </body>
</html>
