1820 2506
406 201 496 244 394-
635 189 717 235 DE
749 186 922 235 MOTV
964 186 1264 238 NODORVM
1296 191 1497 240 LVNAE'

405 325 453 352 na
487 310 627 351 versari
659 310 830 361 videtur,
867 308 1018 363 eiusque
1052 322 1143 350 vera
1175 323 1197 350 a
1232 319 1330 351 terra
1363 313 1530 354 distantia
1563 314 1718 369 assigna-

402 377 434 417 ri
469 373 618 428 possit3
661 387 757 428 quae
797 385 853 413 res
894 386 946 414 ex
987 373 1061 413 illis
1079 406 1090 425 ‚
1131 387 1220 428 quas
1261 374 1467 415 methodus
1499 379 1718 419 immediate

401 438 619 492 fiippeditat
638 471 649 491 >
682 450 762 478 non
803 436 872 477 nisi
912 437 1179 478 molestiffimo
1220 450 1408 492 computo
1441 440 1601 481 deriuari
1631 442 1716 495 pos-

402 503 497 544 sunt.
564 503 634 543 His
667 501 962 556 impedimentis
1002 501 1124 554 probe
1158 503 1348 555 perpensis
1380 504 1420 542 in
1454 515 1541 542 eam
1574 506 1715 557 cogita-

400 566 552 606 tionem
601 565 717 605 incidi
737 597 748 617 ,
790 574 919 606 vtrum
969 565 1239 605 determinatio
1279 565 1495 606 huiusmodi
1537 576 1716 608 motuum

400 642 481 671 non
515 629 586 670 alia
619 628 814 669 methodo
845 628 996 669 tractari
1030 629 1184 682 poffet,
1218 642 1313 682 quae
1347 643 1426 669 nou
1462 642 1531 683 per
1564 643 1715 671 memo-

398 702 495 737 ratas
526 692 725 734 celeritatis
765 702 803 733 et
833 702 1051 735 curauturae
1087 693 1259 746 ambages
1297 694 1344 733 ad
1377 704 1553 746 optatum
1594 694 1714 735 finem

398 755 660 812 perduceret?
693 766 732 797 et
750 791 760 810 ,
793 770 880 798 cum
915 758 991 797 iam
1025 757 1216 798 nonnullis
1247 757 1546 811 problematibus
1563 758 1717 798 mecha-

397 821 493 862 nicis
522 821 610 861 alias
651 820 886 861 difficillimis
930 820 1153 873 singularem
1205 821 1368 860 modum
1411 833 1455 860 ea
1503 821 1715 861 resoluendi

398 882 625 925 detexissem
646 916 657 935 ,
698 897 776 937 quo
818 884 954 924 similia
994 884 1272 936 impedimenta
1313 884 1528 923 maximam
1562 895 1714 938 partem

396 956 718 998 remouerentur,
761 947 921 986 eandem
962 946 1193 986 methodum
1236 959 1315 985 uon
1348 947 1424 986 sine
1466 948 1610 999 ingenti
1643 947 1716 988 cal·

397 1010 473 1050 culi
520 1009 783 1050 contrac‘tione
834 1010 880 1051 ad
928 1009 1097 1063 praesens
1135 1009 1349 1049 institutum
1390 1010 1561 1049 adhiberi
1603 1009 1712 1064 posse

396 1074 589 1129 perspexi.
656 1073 859 1125 Imprimis
907 1082 1037 1112 autem
1078 1072 1156 1111 hoc
1195 1073 1318 1112 modo
1356 1073 1475 1113 lineae
1519 1074 1715 1114 nodorum

397 1145 554 1179 motum
595 1143 636 1174 et
669 1135 925 1174 inclinationis
966 1135 1014 1174 ad
1046 1134 1265 1187 eclipticam
1299 1135 1552 1175 variationem
1574 1168 1584 1187 ,
1618 1150 1715 1190 quae

399 1212 457 1240 res
490 1197 573 1238 aliis
604 1197 798 1239 methodis
828 1199 901 1238 vix
936 1197 1080 1238 calculo
1115 1196 1399 1250 comprehendi
1433 1196 1607 1250 poffunt,
1639 1202 1715 1240 mi·-

397 1262 439 1303 hi
472 1261 556 1302 satis
588 1262 795 1303 commode
830 1260 990 1302 definire
1022 1261 1128 1301 licuit
1146 1293 1156 1312 ,
1191 1273 1313 1314 neque
1330 1261 1474 1313 dubito,
1509 1262 1597 1316 quin
1625 1275 1712 1303 ean-

398 1327 487 1368 dem
520 1326 626 1366 viam
658 1325 915 1380 persequendo
955 1324 1099 1380 reliqua
1140 1334 1270 1365 motus
1301 1323 1412 1364 lunae
1446 1324 1716 1379 phaenomena

397 1391 523 1432 multo
554 1389 699 1430 felicius
729 1389 911 1443 explicari
943 1398 1094 1443 queant.

514 1454 548 1503 ξ.
575 1464 614 1503 5.
652 1454 745 1510 Quo
778 1462 905 1494 autem
943 1453 1003 1492 vis
1035 1461 1075 1492 et
1106 1451 1187 1492 vsus
1218 1451 1328 1493 huius
1369 1451 1547 1492 methodi
1579 1451 1714 1494 clarius

396 1518 666 1573 perspiciatur,
701 1518 883 1568 expediet
915 1516 1045 1569 primo
1078 1517 1154 1555 eius
1185 1516 1394 1568 periculum
1427 1516 1467 1555 in
1484 1514 1713 1556 reiblutione

395 1580 646 1636 problematis
676 1578 853 1619 facilioris
871 1611 881 1630 ,
916 1591 994 1632 quo
1041 1579 1204 1618 duorum
1238 1588 1387 1618 tantum
1433 1591 1644 1631 corporum
1678 1579 1713 1619 se

395 1653 534 1686 mutuo
567 1643 840 1683 attrahentium
873 1650 1003 1681 motus
1034 1642 1263 1694 requiritur,
1297 1639 1449 1681 feciss‘e:
1485 1654 1572 1681 cum
1607 1643 1711 1683 enim

394 1708 473 1749 hoc
508 1706 590 1746 casu
622 1707 786 1761 reliquae
819 1704 996 1746 methodi
1036 1705 1114 1744 sine
1145 1704 1364 1744 difficultate
1397 1705 1435 1743 in
1468 1704 1575 1744 vsum
1593 1718 1712 1746 voca-

395 1773 428 1813 ri
461 1770 600 1824 poffint
618 1803 628 1822 ,
662 1783 711 1810 eo
743 1769 880 1809 facilius
909 1768 1075 1822 patebit,
1095 1778 1278 1821 quantum
1311 1767 1454 1806 subsidii
1472 1779 1493 1806 a
1511 1779 1611 1807 noua
1628 1781 1712 1808 me-

394 1835 519 1876 thodo
553 1835 591 1874 in
626 1833 865 1887 problemate
897 1832 1022 1873 multo
1056 1831 1263 1870 abstrufiori
1288 1829 1492 1882 expectare
1518 1843 1711 1883 queamus.

393 1899 589 1941 Praeterea
607 1910 719 1949 vero,
739 1897 824 1951 quia
842 1905 967 1937 motus
985 1896 1093 1934 lunae
1113 1895 1189 1935 fine
1208 1902 1319 1935 motu
1336 1892 1420 1932 solis
1437 1892 1612 1945 cognosci
1630 1907 1711 1935 non

393 1963 521 2016 potest
539 1997 550 2015 ,
582 1961 635 2001 ob
666 1961 742 2001 hoc
778 1960 900 2012 ipsum
934 1956 1082 1998 neceffe
1114 1959 1197 2009 erit,
1216 1967 1262 1997 vt
1295 1955 1379 1995 solis
1403 1965 1555 1997 motum
1574 1959 1709 1999 eadem

394 2026 585 2066 methodo
626 2035 713 2065 ante
747 2023 937 2074 definiam,
957 2035 1071 2076 quam
1106 2018 1457 2073 complicatissimos
1487 2020 1594 2060 lunae
1622 2034 1711 2061 mo-

392 2097 450 2129 tus
487 2088 703 2141 aggrediar:
747 2088 897 2140 hocque
946 2086 1069 2125 modo
1121 2096 1201 2124 non
1239 2082 1362 2124 solum
1399 2083 1497 2124 istius
1535 2083 1711 2185 messhodi

1606 2159 1709 2201 pect-
