1820 2506
844 138 876 199 )(
911 151 968 180 20
1004 136 1034 196 )(

277 258 354 302 tius
384 260 574 299 conuentus
607 251 777 295 indicitor
799 285 811 306 ‚
845 265 956 308 quum
983 252 1227 308 praeterierit
1244 252 1327 295 dies
1346 251 1461 309 festus
1479 283 1491 305 ,
1524 262 1598 293 me-

279 325 420 366 moriae
453 318 670 363 Sachariae
700 320 808 360 vatis
826 318 942 373 Jacer
973 324 1011 359 et
1042 314 1409 358 ELISABETAE.

905 393 979 433 30.

394 447 558 492 Primum
601 445 699 489 inter
718 452 719 455 ’
736 445 981 489 Academicos
1022 444 1136 486 Iocum
1169 446 1207 486 in
1240 443 1466 487 conuentibus
1496 454 1600 485 occu·

276 520 348 572 pat
382 509 552 568 Praeses.
620 511 728 552 Inter
773 516 912 551 ceteros
930 541 941 560 ,
975 510 1039 563 qui
1057 511 1169 564 prior
1202 511 1239 551 in
1272 506 1484 551 Academia
1514 515 1601 563 pro·

276 579 444 620 vinciam
486 575 677 631 capeffiait
696 607 706 626 ‚
748 576 782 616 is
811 580 850 615 et
876 576 1043 630 priorem
1084 576 1124 617 in
1157 568 1368 628 conseffibus
1398 570 1602 615 Academi·

278 655 403 686 corum
435 642 549 684 locum
582 641 731 681 obtinet.

911 712 985 750 31.

394 765 441 811 In
481 762 724 822 cognoscendis
765 765 884 822 causis
922 776 1019 822 quae
1060 764 1116 807 ad
1163 764 1386 807 incrementa
1414 764 1603 818 pertinent

280 836 339 878 rei
379 834 596 877 litterariae
616 865 627 884 ,
668 830 767 887 quod
794 832 915 872 maior
946 830 1252 872 Academicorum
1280 836 1379 885 pars
1410 828 1604 881 iudicarit,

282 899 325 943 id
356 900 413 940 ius
465 903 660 952 ratumque
701 895 800 950 esto;
840 906 936 950 quae
974 902 1099 937 tamen
1139 907 1263 937 coram
1301 891 1475 949 Praestare
1512 893 1604 947 fieri

282 964 414 1006 debent
447 964 583 1003 omnia.
646 960 765 1017 Quod
781 962 821 1015 fi
851 962 887 1003 is
919 960 1014 1015 abfit
1031 993 1043 1013 ,
1073 966 1151 1001 tum
1182 971 1273 1001 vero
1304 960 1361 999 rei
1394 957 1609 1000 litterariae

283 1023 413 1083 caasas
446 1026 592 1068 tractat
623 1031 661 1066 et
693 1020 867 1080 cognoscit
898 1025 1210 1068 Academicorum
1231 1019 1373 1078 senior.

911 1102 986 1141 32.

404 1154 527 1197 Circa
543 1153 666 1207 finem
700 1152 930 1196 Nouembris
971 1153 1098 1210 merfis
1129 1152 1366 1194 Secretarius
1400 1146 1608 1206 publicabit

285 1232 368 1263 cum
393 1220 692 1273 interpretatione
708 1218 845 1268 raffica
878 1221 1010 1273 capita
1041 1219 1198 1259 omnium
1217 1249 1227 1268 ‚
1261 1228 1355 1272 quae
1384 1223 1455 1266 per
1473 1225 1608 1255 annum

286 1289 498 1327 vertentem
514 1281 650 1338 fatiae
664 1277 753 1334 sunt
782 1277 1051 1337 differtationes
1068 1313 1080 1334 ‚
1114 1282 1245 1337 quihus
1276 1279 1435 1322 callidas
1476 1277 1609 1320 adiun-

279 1356 347 1404 get
382 1347 568 1404 epicrijeis
589 1342 702 1399 jaas.

913 1422 986 1461 33-

408 1470 564 1528 Praesta*
584 1504 595 1524 ,
637 1483 732 1527 quae
776 1472 813 1514 in
855 1472 1068 1515 Academia
1110 1470 1275 1525 instituta
1317 1472 1390 1512 rite
1409 1465 1499 1525 sunt
1518 1502 1529 1522 ,
1563 1480 1610 1512 eae

289 1553 402 1598 quam
441 1540 613 1580 maxima
648 1537 763 1593 potest
801 1550 895 1579 cura
933 1538 1031 1577 tueri
1073 1536 1192 1577 debet.
1276 1536 1398 1591 Quam
1446 1536 1609 1589 primum

289 1605 526 1649 conuenerint
577 1599 833 1655 Academici,
880 1596 1215 1657 repracjentandae
1251 1596 1340 1653 szmt
1383 1599 1466 1650 istae
1513 1598 1609 1651 leges

291 1683 420 1714 coram
440 1702 451 1721 ,
486 1678 642 1722 quarum
676 1666 878 1722 exemplum
897 1663 1045 1722 semper
1072 1673 1186 1720 penes
1209 1661 1254 1718 se
1288 1663 1441 1706 habebit
1480 1662 1611 1704 Secre-

293 1737 449 1786 tarius,
482 1744 526 1772 ne
559 1732 641 1785 quis
675 1732 856 1772 obtentam
889 1736 1079 1785 quaerat,
1115 1730 1217 1784 quasi
1250 1725 1401 1783 neffciat.

292 1823 515 1866 FRVCTVS
530 1848 543 1869 ,
580 1821 667 1867 QVI
701 1820 1114 1909 ΡΚΟνξῙῖῙὲῖὃῖἶίΊξῖΝῐιὲΧ
1147 1818 1407 1858 INDVSTRIA
1433 1815 1620 1856 ACADE-

417 1994 463 2037 Si
498 1994 641 2047 quando
661 2026 671 2044 ,
705 1991 766 2047 qui
799 1991 907 2032 rebus
923 1941 1095 2045 3[inperii
1112 1988 1406 2044 administrandis
1418 1981 1616 2044 praesunt,

290 2058 442 2121 poscent
475 2058 725 2104 Academiam
756 2055 1007 2102 scientiarum
1041 2055 1107 2097 vel
1122 2058 1289 2112 joi-mam
1320 2053 1621 2158 operisalicuius²

1556 2128 1605 2157 ve
