1820 2506
292 166 375 211 DE
409 158 489 209 CV
489 163 654 212 LORIS
686 162 769 210 ET
787 163 1047 213 FRIGORIS
1078 162 1263 212 CAVSA
1372 181 1457 222 217

138 295 179 329 tu
209 285 277 328 suo
309 286 568 339 retardantur,
603 285 660 342 (ξ.
688 300 705 327 1
719 286 782 344 8.)
824 288 989 343 ideoque
1022 287 1108 328 alias
1141 287 1207 329 fibi
1239 289 1436 342 contiguas
1453 323 1465 342 ,

140 350 215 394 hae
248 362 346 392 vero
381 349 464 390 alias
498 361 612 406 atque
646 352 734 407 alias
765 351 959 394 succeffiue
992 351 1108 405 vstlue
1148 351 1195 392 ad
1228 351 1469 406 superficiem

137 414 333 456 contactui
367 415 586 468 oppositam
617 418 880 471 praepediunt.
957 416 1060 457 Hinc
1102 414 1328 470 perspicitur
1347 450 1358 470 ,
1392 429 1468 457 vn-

140 479 191 520 de
223 479 290 520 fiat
308 511 319 531 ,
353 488 398 518 vt
433 481 605 533 corporis
639 482 764 522 minus
797 481 928 533 calidi,
962 479 1124 533 appositi
1156 482 1312 534 corpori
1346 481 1467 535 magis

137 543 263 584 calido
280 576 291 594 ‚
327 541 540 596 superficies
571 545 612 584 in
638 545 818 586 contactu
861 544 1064 585 constituta
1102 544 1205 599 prius
1247 544 1467 598 incalescat,

139 620 257 661 quam
275 605 395 648 auersa
420 638 432 658 ,
475 616 514 646 et
532 609 703 661 corporis
727 609 916 649 calidioris
933 609 1080 649 admoti
1107 609 1263 662 corpori
1281 607 1468 663 frigidiori

139 671 319 726 contigua
336 668 551 724 superficies
576 672 680 725 prius
698 673 958 726 refrigeretur,
985 686 1099 726 quam
1131 673 1256 713 eidem
1274 674 1465 728 opposita.

290 735 324 784 §.
349 744 420 773 20.
460 732 502 775 Si
535 737 708 790 corporis
741 737 867 778 minus
900 736 1013 776 calidi
1047 736 1086 777 A
1105 736 1368 791 superficiebus
1393 751 1652 793 Op-phaenom,9

136 799 267 855 positis
316 798 570 839 admouentur
617 800 696 841 duo
735 813 900 855 corpora
932 801 1053 854 magis
1092 801 1213 841 calida
1264 799 1299 842 B
1331 811 1369 842 et
1412 799 1469 855 C,

137 865 186 905 ab
216 872 377 917 vtraque
409 861 608 917 superficie
646 865 918 920 propagabitur
958 874 1087 905 motus
1131 864 1323 905 intestinus
1356 879 1469 919 gyra-

134 929 252 969 torius
286 926 409 968 versus
440 928 598 968 alteram
618 961 629 981 ,
670 929 847 982 adeoque
888 928 1078 981 integrum
1121 940 1261 981 corpus
1292 929 1332 969 A
1366 930 1467 970 cele-

133 993 209 1034 rius
244 991 447 1045 occupabit
466 1024 477 1045 ,
512 1004 627 1046 quam
660 992 688 1033 fi
720 992 767 1033 ab
798 1004 881 1033 vno
914 990 1036 1031 latere
1069 990 1261 1046 profectus
1294 994 1341 1034 ad
1373 993 1463 1034 alte-

134 1069 221 1099 rum
264 1056 481 1110 pertingere
520 1068 619 1109 opus
658 1056 816 1097 haberet
833 1089 844 1108 ,
887 1055 933 1096 ad
969 1064 1084 1096 moto
1118 1069 1263 1110 nempe
1295 1069 1463 1112 corpore

136 1120 317 1161 alterutro
351 1117 385 1159 B
428 1120 495 1160 vel
536 1118 603 1173 C;
648 1121 788 1174 pariter
829 1120 854 1160 si
886 1131 1026 1173 corpus
1056 1119 1096 1159 A
1132 1121 1185 1160 est
1217 1122 1338 1173 magis
1372 1122 1463 1162 cali-

134 1184 228 1225 dum
280 1195 395 1237 quam
446 1181 481 1222 B
522 1192 561 1223 et
603 1180 637 1222 C
664 1216 675 1235 ,
728 1195 894 1238 corpora
941 1183 1121 1237 vtrinque
1168 1183 1223 1224 illi
1272 1185 1460 1239 admota;

136 1257 265 1289 motus
296 1246 509 1300 gyratorius
541 1247 810 1301 particularum
844 1248 921 1288 eius
953 1247 1111 1288 celerius
1144 1247 1258 1289 debet
1283 1249 1461 1291 retardari

135 1325 251 1366 quam
297 1310 325 1351 fi
375 1322 511 1364 corpus
549 1312 587 1351 A
632 1324 714 1352 vno
764 1311 879 1352 latere
927 1309 1021 1352 effet
1060 1313 1099 1352 in
1142 1313 1321 1354 contactu
1371 1326 1462 1355 cum

134 1387 300 1430 corpore
342 1375 468 1414 minus
511 1375 635 1416 calido
680 1373 715 1415 B
747 1375 812 1416 vel
846 1373 894 1415 C.
964 1376 1066 1417 Hinc
1100 1375 1264 1430 sequitur
1297 1379 1462 1432 particu-

133 1439 255 1481 larum
296 1447 449 1480 motum
478 1440 718 1491 gyratorium
751 1452 802 1480 eo
836 1438 989 1480 celerius
1021 1441 1165 1481 intendi
1200 1441 1263 1482 vel
1296 1443 1460 1495 remitti,

134 1516 213 1558 quo
244 1505 370 1544 maior
402 1502 614 1555 superficies
647 1505 855 1557 exponitur
896 1505 1053 1558 corpori
1091 1504 1264 1545 calidiori
1295 1506 1362 1546 vel
1394 1505 1461 1546 fri-

136 1568 274 1621 gidiori
334 1566 532 1607 ambienti.
621 1567 820 1624 Quoniam
871 1577 998 1608 autem
1051 1568 1263 1622 superficies
1314 1583 1456 1624 corpo-

134 1645 220 1673 rum
254 1631 432 1672 fimilium
467 1630 550 1671 sunt
592 1632 631 1671 in
674 1631 866 1685 duplicata
885 1664 896 1683 ,
946 1632 1147 1672 soliditates
1186 1646 1283 1673 vero
1315 1635 1355 1673 in
1390 1634 1460 1674 tri-

135 1695 273 1750 plicata
312 1695 459 1734 ratione
501 1695 776 1736 diametrorum
796 1728 806 1748 ,
850 1695 996 1736 rursum
1038 1696 1150 1748 igitur
1190 1697 1341 1737 euidens
1375 1698 1429 1737 est
1447 1732 1459 1751 ,

135 1771 250 1813 quare
284 1770 448 1810 corpora
481 1759 598 1800 calida
630 1760 797 1800 eiusdem
815 1761 980 1815 generis,
1006 1760 1160 1800 maioris
1191 1760 1400 1801 voluminis
1419 1763 1460 1802 in

136 1823 276 1863 eodem
311 1820 439 1861 medio
479 1823 670 1863 ambiente
704 1857 715 1876 ,
764 1837 815 1865 ex
850 1837 905 1877 gr.
940 1836 1039 1876 aere,
1073 1833 1112 1864 et
1148 1824 1318 1865 eiusdem
1362 1825 1460 1878 figu-

137 1899 201 1927 rae
241 1884 374 1925 tardius
423 1884 689 1938 refrigerantur
707 1920 717 1939 ,
767 1885 899 1940 frigida
937 1900 1034 1928 vero
1075 1889 1212 1929 tardius
1251 1888 1430 1931 calefiunt
1446 1923 1458 1944 ,

136 1962 254 2004 quam
286 1948 313 1988 fi
343 1949 510 1989 eiusdem
543 1949 748 1990 voluminis
780 1949 912 1991 effent.
1465 1966 1661 2006 phaenom.1e

287 2013 319 2061 §.
345 2024 413 2050 21.
460 2010 640 2067 Corpora
680 2024 788 2055 mota
827 2024 867 2055 et
910 2015 1134 2069 quiescentia
1176 2017 1345 2059 refistunt
1384 2033 1459 2073 pro

138 2078 286 2121 ratione
318 2076 505 2132 inertiae,
542 2090 655 2132 quam
687 2079 861 2135 grauitati
894 2080 1233 2137 proportionalem
1267 2081 1343 2125 effe
1362 2097 1457 2126 con-

201 2141 239 2182 T
241 2153 321 2183 om.
357 2139 391 2182 Ι.
779 2142 818 2187 E
850 2154 872 2184 e
1388 2148 1459 2187 stat
