1820 2506
108 181 263 230 AERE
293 176 557 232 SCILICET
584 173 662 222 IN
700 182 815 229 1837
850 174 1171 225 VOLVMINIS
1205 178 1286 228 &c-
1344 188 1427 226 281

243 300 278 349 §.
305 305 342 342 8.
381 296 423 340 Si
457 299 527 341 alia
561 299 675 340 fluida
715 307 862 353 praeter
902 307 1101 352 argentum
1134 299 1269 340 viuum
1304 299 1427 340 consi-

106 364 277 406 deramus
294 396 305 416 ‚
356 366 441 411 a'e'r
463 365 502 406 in
542 377 677 405 eorum
718 363 919 404 interstitiis
958 373 1161 403 contentus
1195 363 1240 403 ad
1268 363 1428 418 *aequili-

105 429 230 470 brium
271 428 463 482 quoddam
497 429 645 485 videtur
678 429 801 480 eniti,
833 437 873 471 ,et
905 427 988 469 siin
1024 427 1149 468 fluidis
1183 438 1283 468 tanta
1314 428 1426 482 copia

104 492 206 534 adest
224 525 235 543 ,
271 501 316 532 vt
339 502 519 550 extermis
552 506 728 552 premens
760 502 799 532 et
831 491 1006 533 cohaefio
1038 494 1203 545 partium
1222 492 1328 533 fluidi
1346 504 1427 533 non

103 556 261 600 sufficiat
294 555 348 596 illi
381 551 598 601 coercendo
620 584 631 606 ,
669 569 870 611 erumpere
888 589 899 609 ,
918 557 960 598 .s1
993 568 1090 600 vero
1122 556 1289 611 parciori
1327 555 1428 597 adest

106 622 219 675 copia
237 654 249 673 ,
292 619 493 660 admittere
533 623 662 662 aerem
704 631 910 662 externum
958 630 999 661 et
1041 633 1130 662 cum
1179 619 1247 661 illo
1293 613 1396 662 'vniri
1414 649 1426 673 ,

106 685 257 740 hocque
289 683 490 724 lentiffime
523 683 606 724 fieri
624 717 635 735 ,
668 684 695 724 fi
727 684 939 725 differentia
982 684 1123 725 virium
1167 685 1424 725 contraniten-

104 750 203 790 tium
233 748 364 788 minor
396 748 461 787 est.
531 748 624 805 Quo
655 749 781 793 maior
814 761 911 789 vero
943 747 1037 788 haec
1070 749 1280 789 differentia
1307 749 1358 789 cst
1377 761 1426 790 eo

106 813 266 854 celerior
298 811 352 851 est
386 812 483 852 aeris
513 813 553 853 in
587 812 708 853 fluidis
741 812 871 853 inclufi
910 813 1056 853 mixtio
1097 826 1185 853 cum
1226 816 1314 853 a'e're
1354 825 1424 853 ex-

104 886 215 917 terno
233 908 243 926 ‚
280 875 344 915 vel
378 878 530 917 externi
563 877 657 918 aeris
695 878 871 930 receptio
912 877 954 916 in
988 877 1186 916 interstitia
1224 877 1363 929 fluidi,
1396 876 1424 919 fi

102 939 168 981 hic
198 941 324 980 minus
356 941 544 981 resistitur.
610 939 686 982 Sicv
710 941 898 993 videmus,
931 952 1026 993 aqua
1059 938 1124 981 sub
1145 951 1331 995 campana
1358 952 1425 980 or-

101 1004 139 1044 bi
173 1004 312 1044 antliae
344 1005 613 1058 pneumaticae
644 1004 822 1058 imposita
855 1013 894 1044 et
924 1002 1114 1057 preffione
1146 1005 1241 1045 ae'ris
1267 1005 1424 1046 externi

100 1069 268 1121 minuta,
303 1068 427 1109 statim
462 1071 592 1110 aerem
623 1070 664 1109 in
698 1081 791 1121 aqua
825 1077 1051 1109 contentum
1087 1080 1139 1108 ex
1170 1081 1265 1123 aqua
1297 1069 1422 1109 forma

101 1133 350 1173 minimarum
383 1132 610 1172 bullularam
646 1130 862 1172 affcendere
903 1141 942 1170 et
981 1144 1208 1185 campanam
1250 1145 1421 1186 occupa-

99 1207 143 1235 re
160 1228 172 1247 ‚
213 1207 424 1249 aquamque
456 1195 522 1234 tali
555 1196 702 1236 ratione
744 1197 834 1235 ae're
864 1193 930 1235 suo
960 1207 1014 1234 ex
1031 1205 1141 1248 parte
1174 1196 1345 1237 orbatam
1380 1204 1421 1237 et

99 1259 182 1299 ae‘ri
208 1258 331 1300 libero
363 1259 578 1313 expositam
611 1259 743 1300 sensim
777 1262 909 1300 aerem
939 1259 1110 1313 recipere
1150 1260 1190 1299 in
1207 1259 1419 1312 interstitia,

97 1334 179 1364 non
212 1322 313 1363 secus
343 1336 387 1364 ac
420 1323 577 1377 spongia
609 1336 746 1379 aquam
780 1324 821 1363 in
854 1324 914 1364 sua
946 1323 1141 1364 interstitia
1158 1325 1306 1379 recipit.
1349 1323 1423 1365 Pa-

101 1387 195 1428 riter
227 1399 320 1441 aqua
352 1400 423 1441 per
455 1400 573 1441 poros
607 1389 700 1442 ligni
732 1398 770 1428 et
803 1387 925 1428 multa
958 1387 1030 1427 alia
1069 1400 1234 1442 corpora
1275 1388 1419 1430 transiri

241 1452 261 1500 ξ
314 1466 355 1502 9.
392 1450 433 1493 Si
459 1464 553 1506 ergo
579 1452 737 1493 adhaec
763 1452 1034 1506 phaenomena
1060 1464 1141 1492 non
1165 1453 1350 1506 respicere
1374 1452 1421 1493 li-

100 1524 193 1568 cet,
227 1517 313 1569 quia
345 1519 412 1557 aer
444 1529 533 1557 cum
566 1527 722 1570 argento
755 1529 837 1557 non
872 1528 989 1570 aeque
1021 1514 1129 1555 fi1cile
1161 1517 1340 1558 miscetur
1372 1528 1419 1557 ac

98 1591 188 1620 cum
223 1579 304 1620 aliis
336 1580 489 1634 fluidis3
527 1580 735 1622 obseruauit
769 1581 875 1621 enim
908 1580 1027 1620 celeb.
1065 1579 1183 1620 Hales
1213 1583 1341 1622 a‘e‘rem
1377 1581 1417 1622 in

102 1652 162 1692 37
197 1644 406 1685 voluminis
439 1654 587 1699 partem
620 1645 819 1686 reductum
855 1657 935 1684 non
971 1643 1184 1697 penetfflffe
1217 1658 1340 1698 neque
1361 1646 1419 1684 vi.-

99 1717 200 1749 trum
232 1721 354 1762 neque
385 1719 589 1762 argentum
626 1711 793 1763 viuum3
830 1709 1005 1748 nondum
1048 1719 1177 1749 tamen
1212 1708 1301 1748 hin-c
1334 1722 1416 1747 <ern

100 1782 157 1811 tus
190 1769 266 1811 effe
299 1771 479 1824 poffum,
516 1786 565 1813 ne
607 1775 743 1814 maiori
785 1774 941 1827 quidem
984 1772 1268 1825 comfrtssione
1309 1773 1416 1812 adm«

102 1835 180 1876 bita
214 1835 446 1876 mixtionem
480 1846 518 1875 et
552 1839 852 1889 penetrationem
898 1838 988 1876 oriii
1032 1834 1152 1890 pofl'e.
1228 1835 1270 1877 Si
1311 1838 1415 1876 enim

100 1898 298 1939 considero
330 1899 610 1954 compreffione
642 1902 750 1951 aneta
783 1903 899 1941 etiam
932 1901 1132 1955 particulas
1166 1902 1262 1941 aeris
1293 1902 1417 1941 minoi

101 1963 239 2004 debere
258 1996 269 2013 ,
301 1976 378 2004 non
412 1965 562 2005 videtur
593 1978 802 2018 repugnare
822 1997 832 2016 ,
868 1965 1067 2017 particulas
1100 1967 1152 2005 ita
1185 1966 1306 2005 minui
1326 1998 1336 2015 2
1372 1974 1415 2005 vt

105 2027 310 2068 interstitiis
343 2038 383 2067 et
415 2031 517 2082 poris
539 2030 628 2068 vitri
662 2040 701 2069 et
717 2031 895 2069 mercurii
915 2030 1030 2082 recipi
1051 2028 1191 2082 poffint
1210 2061 1221 2078 7
1246 2041 1323 2068 non
1341 2029 1413 2069 mi-

105 2103 172 2132 nus
190 2103 234 2130 ac
250 2091 457 2144 particulae
472 2095 564 2135 aeris
581 2092 752 2135 naturalis
769 2093 954 2133 densitatis
969 2106 1036 2148 per
1051 2105 1170 2148 poros
1186 2092 1278 2147 ligni
1297 2102 1415 2133 trans-

165 2154 286 2197 Tom.
322 2155 356 2197 1.
732 2156 773 2199 N
802 2170 827 2198 n
1304 2165 1409 2196 eunt.
