1820 2506
427 173 511 222 DE
543 172 783 223 CALORIS
815 172 892 220 ΕΤ
924 170 1188 221 FRICORIS
1383 186 1474 224 229

288 297 324 346 ξ.
348 305 418 348 34.
463 298 535 338 His
576 297 756 338 omnibus
797 295 854 337 nil
894 296 994 337 aliud
1026 293 1295 337 contendimus
1312 324 1323 346 ,
1355 303 1472 348 quam

150 361 320 404 calorem
354 374 569 416 corporum
603 360 888 402 condensationi
919 358 1059 402 subtilis
1092 359 1247 400 alicuius
1280 366 1319 398 et
1351 358 1397 398 ad
1428 357 1474 398 il-

148 427 232 468 lum
264 427 474 468 dunstaxat
507 426 711 466 destinatae
744 434 924 466 materiae
957 423 1227 466 vindicandum
1261 434 1342 463 non
1376 419 1473 474 effe,

138 490 209 534 ‚sed
253 504 342 532 eum
385 491 586 532 consistere
625 492 665 530 in
698 499 808 531 motu
842 488 1020 530 intestino
1053 489 1252 541 gyratorio
1287 487 1472 528 materiae

146 555 388 597 cohaerentis
430 556 605 608 corporis
647 554 792 610 calidi3
831 565 956 607 eoque
997 551 1079 606 ipso
1112 564 1192 592 non
1223 550 1344 592 solum
1379 548 1473 592 affe-

144 620 263 662 rimus
296 621 413 660 etiam
449 617 722 659 subtiliffimam
756 616 863 657 illam
880 617 1079 657 materiam
1096 614 1278 667 aetheris,
1296 626 1369 669 qua
1385 627 1471 656 om-

144 685 209 725 nia
227 684 343 738 spatia
358 681 618 724 asenfibilibus
652 680 875 735 corporibus
893 693 1013 720 vacua
1045 679 1239 735 replentur
1256 711 1268 731 ‚
1301 679 1473 720 eiusdem

142 757 274 789 motus
306 756 348 788 et
379 746 515 786 caloris
550 743 626 786 effe
653 758 839 800 capacem
862 758 873 799 3
906 757 1044 786 verum
1077 745 1195 785 etiam
1221 742 1472 796 affinnamus‚

140 811 248 852 illam
298 808 525 865 imprefl‘um
575 810 642 852 fibi
692 823 714 850 a
755 808 833 849 sole
874 818 1031 850 motum
1073 807 1311 849 calorificum
1354 809 1471 848 etiam

141 874 271 916 telluri
321 874 471 915 nostrae
504 884 544 915 et
569 874 724 928 reliquis
756 872 983 926 corporibus
1007 873 1143 912 mundi
1166 872 1469 924 communicare,

139 951 261 993 eaque
284 939 404 981 calida
427 939 584 980 reddere
604 971 615 990 ‚
649 946 761 990 atque
793 937 890 975 adeo
923 947 1010 975 eam
1041 932 1120 974 effe
1152 935 1326 975 medium
1345 965 1356 986 ‚
1390 945 1472 987 quo

138 1014 306 1057 corpora
332 1016 353 1044 a
375 1002 412 1043 se
436 1003 603 1043 inuicem
628 1008 779 1042 remota
797 1032 808 1052 ‚
841 997 951 1040 nullo
984 997 1146 1040 sensibili
1176 997 1438 1040 intercedente
1455 1031 1470 1051 ,

136 1066 307 1109 calorem
341 1067 646 1108 communicent.

289 1132 324 1181 ξ.
349 1142 423 1180 35.
459 1132 629 1173 Remota
661 1130 820 1170 materia
854 1127 974 1169 calori
1007 1126 1096 1168 alias
1129 1129 1241 1168 enice
1273 1129 1470 1169 consecra⁴¹

137 1204 174 1237 ta
207 1195 296 1235 finis
329 1194 456 1235 verbis
488 1193 747 1246 imponendus
779 1191 890 1243 effet,
924 1191 951 1232 fi
984 1204 1005 1231 a
1023 1199 1130 1245 parte
1168 1193 1360 1232 contraria
1395 1204 1470 1232 no-

136 1269 236 1301 vum
267 1259 377 1299 nobis
411 1257 612 1310 negotium
646 1268 727 1296 non
762 1256 981 1308 insurgeret.
1047 1254 1146 1296 Non
1181 1256 1288 1296 enim
1323 1256 1470 1309 desunt,

134 1324 202 1376 qui
242 1322 357 1363 etiam
398 1319 531 1374 frigori
562 1319 764 1374 specialem
806 1319 1046 1360 substantiam
1080 1319 1318 1372 dicauerint,
1351 1321 1467 1360 nimi-

133 1399 224 1428 rum
241 1385 388 1427 caufiim
407 1386 486 1425 eius
504 1385 705 1438 pofitiuam
724 1385 764 1424 in
782 1382 912 1424 salibus
928 1384 1121 1424 statuerint
1139 1415 1149 1435 ,
1183 1384 1376 1437 producto
1393 1396 1466 1437 per

135 1449 367 1492 solutionem
399 1461 535 1490 eorum
568 1450 608 1489 in
632 1461 727 1502 aqua
744 1448 884 1502 frigore
918 1448 1028 1488 moti.
1065 1448 1123 1488 At
1139 1448 1320 1500 quoniam
1342 1449 1461 1489 iidem

132 1513 225 1554 sales
257 1515 372 1554 etiam
406 1513 572 1554 calorem
607 1525 689 1553 non
728 1526 815 1553 raro
847 1514 1009 1565 gignunt
1034 1543 1046 1563 ,
1079 1520 1125 1551 vt
1158 1510 1207 1550 sal
1240 1513 1463 1552 communis

133 1577 254 1620 affuso
286 1578 377 1618 oleo
409 1577 553 1617 vitrioli
586 1575 704 1616 feruet
734 1585 774 1616 et
807 1573 1029 1627 incalescit3
1067 1575 1106 1614 id
1136 1575 1241 1614 circo
1274 1588 1345 1614 nos
1362 1588 1461 1629 quo-

133 1655 210 1696 que
242 1643 326 1696 pati
355 1643 436 1682 iure
470 1641 603 1682 caloris
634 1640 781 1681 causam
815 1639 947 1680 fiilibus
981 1639 1027 1678 ad
1059 1637 1219 1678 scribere
1250 1636 1460 1692 possemus,

135 1706 165 1748 fi
214 1716 294 1747 tam
341 1705 538 1748 incondite
588 1703 777 1760 disputare
825 1716 909 1745 non
960 1703 1160 1757 indignum
1210 1694 1297 1743 effea
1346 1712 1460 1758 puta-

136 1782 259 1813 remus
264 1800 272 1809 .

735 2097 767 2156 ε
785 2103 845 2156 fg
1231 2054 1454 2155 τΕΝτΑζ
