1820 2506
150 1126 220 1158 Tab.
241 1127 296 1157 XV

361 194 451 243 496
605 184 956 233 OBSERVATIO
989 186 1238 234 ECLIPSIS
1275 191 1428 239 SOLIS

548 309 603 350 H.
667 307 732 348 M.
794 304 835 348 S.
902 307 1106 362 Tempore
1148 320 1256 350 vero.

554 384 605 411 11
676 385 737 422 49
807 384 856 412 11
928 372 1083 413 initium

679 446 733 485 55
836 444 864 484 7
930 436 1008 489 dig·
1047 449 1067 474 1

668 510 689 550 5
700 510 722 549 5
797 511 853 550 19
924 499 1128 542 Immersio
1169 501 1338 543 maculae
1368 501 1408 543 A

582 576 611 605 0
714 576 739 602 2
811 574 867 613 50
935 564 1013 617 dig.
1058 577 1100 606 2.

679 637 731 676 13
807 639 860 666 12
926 628 1005 681 dig.
1043 640 1066 677 3

674 704 735 742 24
807 702 863 742 52
932 692 1109 734 Maculae
1143 692 1177 734 Β
1210 693 1410 736 immerfio

587 769 607 796 1
682 769 735 795 12
836 767 860 804 3
927 755 1108 799 Maxima
1139 752 1352 800 obscuratio
1383 773 1439 799 Ξ
1464 770 1490 806 9
1532 758 1609 812 dig.
1631 767 1672 800 et

1394 833 1420 872 7
1455 822 1639 864 minutor.

675 895 730 936 45
803 897 825 923 2
924 885 1100 926 Emersio
1133 886 1304 928 maculae
1333 885 1368 927 B

675 959 733 998 47
800 956 858 998 48
925 950 1093 990 Emersit
1149 950 1301 990 macula
1342 948 1377 989 C

679 1022 733 1061 52
800 1015 859 1061 46
923 1013 1090 1054 Emersit
1120 1012 1269 1053 macula
1308 1013 1364 1055 D.

584 1088 610 1114 2
681 1086 733 1120 31
806 1086 861 1121 33
928 1076 1038 1115 Finis

193 1167 229 1202 fi·
276 1128 336 1207 5¹¹·
356 1137 493 1180 Discus
532 1136 618 1177 solis
657 1145 836 1191 tempore
870 1137 1018 1191 eclipsis
1033 1149 1102 1190 per
1134 1137 1267 1176 tubum
1298 1137 1596 1179 astronomicum
1611 1142 1676 1181 ad-

356 1201 482 1259 paruit
524 1202 565 1241 in
607 1200 711 1241 hunc
750 1201 913 1242 modum
952 1200 1112 1242 maculis
1163 1200 1378 1255 conspersus
1396 1235 1407 1254 ,
1444 1203 1504 1242 vti
1555 1202 1677 1257 figura

356 1265 555 1309 monstrat.

474 1329 699 1370 Obseruatio
715 1329 812 1370 ίῖιᾶει
830 1329 884 1370 est
902 1330 1044 1384 partim
1065 1329 1206 1370 direete
1236 1330 1330 1371 tubo
1349 1330 1611 1371 astronomico
1634 1336 1672 1373 8.

361 1394 505 1448 pedum
524 1394 652 1434 Lond.
681 1395 819 1448 partim
848 1394 1028 1435 machina
1056 1393 1148 1434 tubo
1175 1394 1436 1434 astronomico
1462 1397 1502 1432 6.
1531 1395 1678 1448 pedum

364 1458 493 1498 Lond.
521 1458 709 1511 instructa,
724 1471 792 1512 pet
810 1471 924 1511 quem
945 1459 1073 1511 imago
1091 1457 1177 1497 solis
1204 1456 1412 1498 transmissa
1431 1458 1483 1497 est
1501 1458 1540 1498 in
1570 1458 1678 1498 tabu-

359 1521 440 1561 lam
460 1523 498 1560 in
517 1523 598 1562 suos
615 1523 751 1575 digitos
767 1534 876 1562 more
894 1521 1074 1562 consueto
1092 1521 1261 1562 diuisam.
1297 1520 1530 1563 Succeffiuae
1539 1522 1679 1574 digito-

359 1598 446 1625 rum
463 1585 742 1625 obscurationes
754 1618 765 1637 ,
784 1587 842 1624 vti
868 1586 1103 1625 macularum
1119 1585 1377 1626 immersiones
1395 1595 1433 1625 et
1452 1586 1680 1625 emersiones

362 1660 502 1688 omnes
520 1657 682 1702 propter
698 1648 878 1701 quaedam
898 1649 1176 1701 impedimenta
1193 1648 1366 1689 adcurate
1392 1649 1579 1689 obseruari
1599 1660 1677 1689 non

365 1719 587 1766 potuerunt.
607 1711 654 1752 In
671 1712 848 1751 maxima
865 1711 946 1751 solis
965 1711 1225 1751 obscuratione
1243 1725 1313 1762 per
1322 1713 1452 1751 tubum
1469 1725 1524 1760 14
1534 1712 1676 1762 pedum

367 1773 495 1816 Lond.
513 1776 646 1817 limbus
664 1775 775 1815 lunae
791 1775 885 1815 visus
903 1774 955 1815 est
974 1773 1201 1814 circumdari
1217 1773 1284 1812 filo
1300 1773 1607 1827 quodamlucido
1624 1773 1661 1814 al
1678 1799 1681 1803 -

368 1840 516 1880 bicante
549 1839 735 1880 eiusmodi
768 1839 914 1891 nitoris,
948 1839 1004 1878 vti
1039 1838 1195 1890 adparet
1227 1837 1314 1876 luna
1348 1837 1471 1889 plena.
1510 1836 1599 1876 Hoc
1634 1836 1675 1876 fi-

372 1904 452 1943 lum
487 1904 655 1944 lucidum
690 1903 869 1956 cingebat
900 1915 1004 1942 arcus
1038 1900 1229 1941 coloratus
1253 1901 1300 1940 ad
1319 1908 1333 1947 g
1352 1901 1513 1952 digitum
1531 1900 1672 1940 diame-

373 1968 421 2008 tri
453 1968 538 2008 solis
571 1967 610 2007 in
645 1967 789 2008 discum
823 1967 910 2007 solis
939 1965 1147 2020 porrectus.
1212 1962 1375 2004 Colores
1413 1964 1554 2004 eodem
1588 1976 1680 2004 mo-

375 2031 453 2083 do,
489 2045 566 2085 quo
599 2044 684 2085 pars
717 2031 819 2071 iridis
856 2030 1025 2085 superior
1058 2028 1296 2082 conspicitur,
1330 2027 1558 2082 adparebant
1577 2060 1588 2080 ,
1621 2028 1679 2068 di-

375 2094 543 2135 stinctius
581 2105 714 2134 tamen
749 2107 874 2149 prope
905 2094 1068 2135 limbum
1097 2092 1219 2132 lunae.

1499 2153 1659 2197 ECLIP
