1820 2506
401 165 425 205 3
435 164 455 204 ς
465 158 493 193 6
608 148 1066 199 OBSERVATIONES
1099 146 1184 191 AN
1186 142 1429 192 ATOMIC
1431 148 1510 191 ΑΕ

401 271 531 315 dente.
598 271 764 312 Inuenio
797 270 938 310 viscera
970 267 1134 308 thoracis
1166 275 1207 307 et
1247 266 1460 309 abdominis
1499 267 1683 311 saniffima
1700 302 1714 325 ,

400 346 571 390 excepto
590 368 601 386 ,
634 334 737 388 quod
771 333 910 388 pulmo
943 332 1088 374 finister
1106 365 1117 384 ‚
1152 331 1352 372 hincinde
1402 331 1536 374 leuiter
1571 335 1718 376 cohae-

400 401 505 442 rebat
523 432 535 451 ‚
573 410 773 440 concretus
812 411 902 438 cum
943 397 1167 439 membrana
1217 394 1417 437 thoracem
1467 400 1718 454 luccingente.

402 462 577 507 Dzffedta
609 472 736 504 autem
755 495 767 515 ,
801 474 914 502 more
947 461 1061 502 solito
1079 493 1091 513 ,
1123 461 1231 515 supra
1261 472 1366 501 aures
1397 461 1439 500 in
1471 462 1608 504 orbem
1634 476 1720 505 cra·

400 529 459 570 nii
493 538 600 582 parte
633 527 826 581 superiore
845 559 856 578 ,
891 527 990 568 dum'
1016 525 1164 567 scutum
1195 522 1348 565 offeum
1380 537 1504 566 conor
1544 526 1685 568 aulen-e
1701 559 1716 582 ‚

400 593 531 635 inueni
563 591 657 632 illud
690 603 783 632 cum
816 590 908 632 dura
939 599 1063 632 matre
1102 588 1310 632 cohaerere
1341 590 1393 630 ita
1411 622 1422 642 ,
1456 598 1502 630 vt
1533 591 1609 632 vix
1638 591 1718 634 sine

400 655 673 700 dilaceratione
714 655 854 709 huius,
892 654 1065 696 adhibito
1106 654 1319 695 eleuatorio
1337 686 1349 707 ‚
1382 654 1528 695 summa
1544 655 1587 696 vi
1617 654 1721 710 sepa-

400 722 586 764 rauerim.
654 718 702 762 In
733 721 862 761 ablato
904 730 1033 761 autem
1066 718 1297 773 apparebant
1327 718 1507 772 disrupta·
1524 719 1649 760 multa
1681 728 1722 762 et

400 783 558 839 disperfa
607 785 805 826 tubercula
824 817 834 836 ,
877 783 1089 825 duriuscula
1109 815 1121 836 ,
1155 782 1280 835 granis
1321 781 1455 823 hordei
1494 783 1688 824 simillima
1708 815 1722 837 ,

400 849 535 893 colore
553 846 649 890 flaua
664 881 675 903 ‚
703 847 970 903 respondentia
1003 846 1075 889 illis
1092 879 1104 900 ,
1136 858 1233 902 quae
1264 846 1304 886 in
1338 846 1430 887 dura
1463 857 1587 888 matre
1625 859 1724 901 vaga
1761 850 1764 851 ’

399 914 622 956 locabantur
640 945 651 965 ,
685 922 887 966 aggregata
921 911 1044 966 magis
1085 911 1186 952 circa
1226 909 1350 951 smum
1390 910 1722 964 longitudinalem.

404 977 532 1020 Preffa
566 976 663 1017 haec
697 975 889 1018 tubercula
909 1008 921 1028 ,
955 976 995 1018 in
1034 975 1205 1028 vtrisque
1255 974 1477 1016 eructabant
1519 976 1724 1017 flauelcen·

401 1051 487 1084 tem
507 1073 518 1095 ‚
534 1070 537 1073 -
553 1036 716 1082 crassum
735 1073 748 1093 ‚
781 1038 990 1080 humorem
1008 1070 1020 1090 ‚
1060 1037 1137 1079 fiere
1185 1039 1392 1080 materiem
1434 1038 1593 1081 solidam
1632 1052 1725 1094 prae

396 1104 434 1147 se
474 1107 662 1145 ferentem
682 1134 694 1156 ,
737 1103 803 1157 qui
841 1102 946 1143 inter
984 1102 1126 1155 digitos
1175 1099 1326 1155 pressus
1364 1110 1484 1143 tenax
1532 1104 1726 1146 extenfilis

399 1167 460 1210 his
491 1181 574 1209 non
604 1167 844 1221 adhaerebat3
880 1164 965 1207 vasa
998 1177 1068 1220 per
1102 1166 1237 1207 duram
1271 1173 1439 1207 matrem
1472 1165 1724 1221 decurrentia,

397 1230 635 1287 conspicua,
676 1230 853 1286 sanguine
891 1228 1143 1286 replebantur.
1222 1228 1346 1272 Incidi
1385 1230 1426 1271 in
1465 1230 1601 1272 orbem
1621 1265 1634 1286 ,
1674 1231 1724 1274 ad

398 1298 611 1352 marginem
643 1296 728 1338 offis
762 1292 939 1348 dissecti,
974 1295 1107 1336 duram
1141 1303 1308 1336 matrem
1332 1326 1345 1347 ‚
1404 1295 1632 1350 quibusdam
1681 1296 1724 1338 in

400 1359 498 1403 locis
528 1362 648 1416 triplo
682 1371 719 1401 et
753 1358 970 1415 quadruplo
988 1390 1000 1412 ,
1034 1371 1150 1413 quam
1183 1370 1378 1401 caeterum
1410 1359 1506 1401 solet
1524 1394 1536 1414 ,
1572 1359 1726 1402 craffio·

396 1439 484 1468 rem
536 1434 575 1466 et
623 1426 745 1479 magis
776 1422 1042 1478 refisten‘tem3
1077 1422 1172 1464 dum
1204 1436 1303 1465 vero
1335 1421 1434 1465 hanc
1477 1437 1499 1466 a
1538 1425 1603 1479 pia
1643 1424 1723 1465 ele-

399 1502 493 1531 vare
535 1498 648 1530 tento
667 1522 678 1541 ‚
722 1487 958 1543 deprehendi
1007 1500 1097 1528 cum
1139 1489 1275 1529 eadem
1324 1488 1467 1529 iterum
1515 1488 1724 1529 cohaerere

397 1552 496 1595 adeo
529 1551 696 1593 firmiter
714 1583 726 1604 ‚
761 1561 807 1593 vt
838 1551 993 1592 cultello
1024 1563 1123 1605 opus
1156 1551 1359 1593 habuerim
1400 1552 1447 1592 ad
1465 1549 1723 1594 diffecandam

399 1615 674 1659 intermediam
703 1614 944 1657 fiibstantiam
979 1612 1263 1656 filamentoiam
1282 1648 1293 1668 ,
1327 1616 1429 1670 quasi
1463 1616 1580 1656 telam
1607 1616 1725 1657 cellu-

400 1680 518 1724 lofam
552 1680 702 1722 videres
720 1714 731 1733 ,
766 1679 828 1720 sed
861 1678 1074 1720 induratam
1108 1680 1205 1720 adeo
1224 1713 1235 1732 ,
1271 1689 1316 1720 vt
1335 1679 1499 1733 scalpelli
1528 1680 1624 1720 aciei
1641 1693 1723 1722 car-

403 1745 567 1801 tilaginis
599 1744 715 1786 instar
746 1744 932 1785 resisteret
950 1776 963 1796 ,
997 1756 1048 1784 eo
1079 1744 1202 1796 magis
1221 1776 1231 1795 ,
1268 1756 1347 1796 quo
1379 1744 1537 1798 propius
1577 1744 1626 1784 ad
1675 1744 1724 1786 fi-

402 1822 498 1853 num
541 1809 863 1863 longitudinalem
902 1808 1105 1849 accedebat
1125 1841 1136 1860 ,
1187 1807 1254 1847 vbi
1297 1806 1512 1849 firmissime
1546 1808 1646 1850 inter
1684 1809 1723 1850 ίὲ

399 1876 605 1929 meninges
655 1886 725 1929 per
767 1873 969 1914 vinculum
1003 1873 1080 1913 hoc
1112 1872 1372 1925 iungebantur.
1457 1871 1553 1912 Erat
1592 1881 1722 1916 autem

398 1940 675 1981 intermedium
706 1937 785 1979 hoc
818 1948 974 1992 tegmen
1005 1936 1212 1978 vesiculare
1247 1936 1448 1978 infarctum
1467 1937 1624 1977 materie
1655 1937 1724 1979 fla-

402 2006 578 2046 vescente
598 2036 608 2055 ,
639 2003 859 2057 quibusdam
892 2004 932 2043 in
964 2001 1060 2042 locis
1093 2002 1203 2055 plane
1237 2000 1422 2041 exsiccata
1455 2010 1496 2040 et
1522 2001 1615 2041 dura
1634 2034 1646 2054 ,
1679 2002 1721 2042 in

400 2067 485 2110 aliis
515 2068 736 2122 smegmatis
769 2066 884 2109 instar
914 2063 1052 2118 craffi,
1087 2076 1182 2121 quae
1222 2074 1339 2106 tenax
1359 2097 1371 2119 ,
1404 2064 1605 2107 albuminis
1651 2065 1721 2109 oui

1607 2129 1720 2172 instar
