1820 2506
224 163 358 208 OVIS
393 159 504 209 PRO
536 146 1060 206 HERMAPHRODITO
1093 158 1298 206 ΗΑΒιΤι
1335 175 1424 217 323

107 280 259 326 fissurae
289 283 484 336 margines
515 282 613 323 cutis
644 281 858 323 staenulum
891 281 1074 335 vtrinque
1107 279 1246 323 laxum
1270 281 1427 338 format,

106 347 286 389 lateribus
318 347 409 387 sulci
454 356 586 387 autem
634 348 816 401 vtrinque
859 346 991 387 stricte
1022 345 1236 388 adhaerens
1254 346 1429 404 impedit

104 413 327 455 membrum
346 444 357 464 ‚
389 423 441 451 ne
479 412 628 452 rectum
669 411 831 452 extendi
869 420 999 465 queat.

223 477 277 519 ΙΙ,
312 477 362 519 In
379 475 569 517 Terentio
612 476 800 517 tredecim
835 488 1028 518 annorum
1047 509 1058 529 ,
1092 476 1233 519 ambae
1251 475 1427 519 bursulae

102 541 306 596 eleganter
338 540 508 594 rugosae.
550 540 719 596 Quando
751 540 910 595 inspirat
928 574 939 594 ,
982 553 1151 595 corpora
1199 541 1429 584 veficularia

104 617 228 647 vacua
247 638 259 658 ,
294 605 358 646 vel
391 607 482 644 a‘e're
502 636 514 656 ,
548 613 594 644 vt
628 605 781 644 videtur
798 638 810 657 ‚
843 605 960 659 plena
989 605 1030 646 in
1052 606 1208 660 inguina
1225 605 1431 648 retrahun-

106 679 169 710 tur
189 704 223 722 ,‚
251 670 290 710 in
331 668 597 721 exspiratione
648 677 781 709 autem
833 669 874 708 in
926 669 1092 710 bursulas
1132 671 1427 726 exprimuntur.

106 734 210 775 Huic
243 734 350 788 penis
383 732 557 773 multum
590 732 706 786 riget.
774 732 823 774 In
856 732 962 774 sulco
1003 734 1087 775 sunt
1120 735 1278 789 quidem
1320 736 1429 777 lacu-

102 809 175 839 nae
193 830 203 850 ,
237 797 298 837 sed
331 808 414 836 non
448 797 502 837 ita
533 796 715 839 radiatim
746 796 983 853 dispofitae;
1018 798 1144 853 aliqua
1179 811 1315 840 earum
1342 798 1429 841 satis

102 862 291 917 profunda
311 894 323 913 ‚
364 860 654 914 longitudinalis
670 895 682 914 ‚
723 862 955 902 immediate
995 862 1085 916 post
1119 862 1304 915 glandem
1335 862 1426 916 fita,

100 925 296 966 foueolam
329 938 490 966 coecam
518 926 618 978 gerit
652 926 726 966 vix
743 925 909 967 aciculae
927 935 1045 982 caput
1063 926 1306 981 capientem.
1341 925 1427 982 Ref

96 988 202 1045 liqua
236 1000 281 1031 vt
313 990 355 1029 in
388 989 634 1030 Abrahamo.

212 1054 289 1096 111.
323 1054 371 1095 In
389 1053 566 1095 Iohanne
591 1053 779 1108 Luganof
798 1054 1005 1096 duodecim
1023 1068 1238 1110 annorum,
1255 1054 1353 1098 cutis
1370 1055 1422 1099 ad

96 1117 193 1160 latus
232 1119 404 1159 membri
445 1119 582 1170 rugosa
609 1151 620 1170 ‚
662 1128 704 1158 et
749 1118 799 1158 ad
848 1118 1008 1159 bursulas
1047 1120 1269 1160 formandas
1316 1130 1422 1174 apta.

100 1183 330 1225 Membrum
366 1192 406 1221 et
439 1182 687 1236 praeputium
731 1183 909 1236 congruit
939 1195 1032 1225 cum
1065 1184 1186 1238 figura
1219 1182 1425 1226 Gmelini⁴

98 1260 183 1288 ana.
252 1246 300 1288 In
335 1244 492 1287 bursulis
522 1246 623 1286 nihil
656 1246 763 1298 tangi
796 1246 924 1300 potest
942 1279 953 1299 ,
990 1249 1145 1302 quando
1176 1260 1273 1304 puer
1306 1249 1424 1304 iacet;

101 1311 255 1367 quando
288 1320 419 1351 autem
452 1310 570 1364 sedet,
604 1322 772 1366 corpora
804 1310 925 1351 solida
944 1342 956 1363 ‚
988 1311 1146 1365 globosa
1166 1345 1176 1365 ‚
1210 1324 1308 1367 quae
1341 1313 1426 1367 pri-

100 1389 141 1419 us
175 1378 215 1416 in
247 1376 405 1429 inguine
439 1375 677 1416 delibuerant
695 1409 706 1429 ‚
748 1376 789 1416 in
823 1374 988 1416 bursulas
1020 1377 1266 1429 descendunt,
1299 1377 1423 1418 sulcus

99 1441 258 1482 brevior
289 1440 342 1481 est
375 1453 420 1481 ac
452 1439 493 1480 in
528 1440 704 1494 reliquis,
739 1450 778 1482 et
812 1440 853 1481 in
871 1452 922 1479 eo
941 1440 1092 1494 aliquae
1110 1440 1310 1482 lacunulae
1330 1454 1422 1495 per-

97 1505 398 1559 pendiculariter
445 1504 511 1545 fibi
564 1504 817 1545 succedentes.
895 1502 1018 1547 Glans
1059 1504 1286 1559 profundius
1319 1503 1418 1546 fiffa.

214 1568 287 1609 lV.
324 1569 370 1610 In
405 1568 587 1609 omnibus
638 1577 739 1609 totus
771 1567 917 1610 horum
970 1569 1204 1621 genitalium
1254 1581 1421 1624 appara-

94 1642 152 1674 tus
184 1646 273 1674 cum
308 1634 461 1687 reliquo
495 1633 670 1686 corporis
703 1632 836 1673 habitu
869 1645 908 1673 m
944 1635 1140 1675 maiorem
1173 1633 1323 1675 melrm
1356 1635 1420 1676 in·

95 1697 227 1737 creuit.
296 1698 492 1738 Omnibus
525 1696 744 1739 membrum
788 1697 1000 1738 tractatum
1038 1700 1150 1752 riget.
1222 1698 1420 1740 Omnibus

100 1772 265 1814 corpora
298 1761 499 1800 cauernoia
533 1761 700 1802 membri
740 1760 947 1803 secundum
990 1762 1291 1813 synchondrofin
1329 1761 1419 1803 offi-

96 1837 162 1865 um
209 1824 316 1877 pubis
357 1824 586 1876 assurgentia
629 1835 845 1879 tanguntur.
915 1826 1067 1868 Omnes
1105 1827 1287 1867 hactenus
1320 1826 1417 1868 bene

98 1888 306 1930 valuerunt.
376 1889 495 1931 Nulla
537 1889 647 1929 vocis
679 1891 847 1932 mutatio
879 1890 1065 1934 hadienus
1083 1925 1095 1945 ,
1129 1891 1235 1933 nulla
1268 1891 1382 1932 barba
1400 1924 1413 1945 ,

95 1951 197 1992 nulla
232 1953 365 2005 pubes,
407 1953 554 1993 nullum
590 1953 731 1993 lemen.

248 2017 332 2057 Hac
364 2030 464 2058 noua
497 2018 754 2071 disquifitione
787 2031 860 2072 ego
895 2020 935 2059 in
969 2032 1056 2061 mea
1090 2020 1248 2075 pristina
1267 2020 1414 2061 senten-

104 2080 157 2121 tia
191 2080 429 2123 confirmor:
465 2081 513 2123 In
545 2081 605 2123 his
638 2082 759 2123 tribus
791 2083 966 2126 subiectis
1005 2084 1082 2127 effe
1120 2085 1245 2128 iblam
1286 2082 1417 2123 defor-

660 2145 685 2190 S
705 2159 721 2188 s
742 2161 766 2188 2
1184 2148 1406 2192 mationem
