1820 2506
701 147 732 207 )(
773 160 826 200 57
863 146 941 206 )(,

142 265 289 309 nullum
331 262 513 320 Saturni,
564 264 665 306 strias
687 297 699 319 ,
728 263 833 304 Iouis
864 271 941 303 etc.
977 261 1072 302 dum
1104 260 1206 315 quafi
1238 260 1460 316 quiescuntg'

145 331 273 372 multo
303 331 441 372 melius
484 329 593 385 posse
627 329 802 380 attendi,
834 340 878 367 ac
910 327 1005 367 dum
1039 335 1155 366 motu
1187 327 1374 366 continuo
1407 325 1462 366 fie-

93 441 95 443 ,
146 405 279 436 ruutur
310 406 347 436 et
382 396 664 435 obseruatorem
698 391 842 446 duplici
874 390 1004 431 labore
1036 399 1268 444 occupatum
1311 399 1458 430 tenent.

267 460 517 502 Obieffimies
547 470 642 512 quae
675 466 808 496 contra
840 455 938 496 hanc
972 451 1200 495 methodum
1235 466 1287 494 ex
1314 455 1459 507 imper-

144 522 316 564 feffione
346 523 584 577 speculorum
628 520 911 561 metallicorum
946 518 1031 559 fieri
1064 516 1219 572 possent
1238 551 1248 570 ,
1283 519 1372 558 inde
1404 530 1464 558 re-

146 586 242 626 futat
262 621 272 640 ,
306 587 390 641 quia
431 586 565 626 nostris
605 583 844 637 temporibus
876 583 964 623 actu
1007 581 1270 623 construuntur
1311 581 1461 635 specula

146 651 339 690 metallica
382 659 510 689 tantae
543 647 786 701 perfeetionis
805 679 815 699 ,
849 656 894 686 vt
929 659 1020 687 cum
1055 647 1214 701 optimis
1246 646 1354 687 vitris
1392 645 1464 687 ob-

147 714 295 754 ieffiuis
333 714 381 753 de
412 712 681 767 praecellentia
715 720 857 752 certare
889 710 1044 766 poffint.

190 808 576 872 SVPPLEMENTVM
603 833 669 869 AD
704 831 807 869 Dlss.
837 832 901 869 DE
928 832 979 869 VI
1006 833 1141 871 AERIS
1165 833 1408 873 ELASTICA.

527 883 676 920 AVCT.
707 882 756 919 M.
791 882 1114 920 LOMONOSOW

150 970 329 1089 Causa
359 980 469 1022 huius
501 981 755 1037 supplementi
788 981 1039 1036 proponitur,
1075 981 1111 1030 ξ.
1154 993 1191 1020 1.
1229 979 1463 1024 Bernoullia-

282 1058 330 1086 na
381 1047 562 1087 deduc'tio
608 1048 743 1087 citatur
761 1079 772 1099 ,
824 1045 1056 1085 elasticitates
1097 1047 1196 1085 a'e'ris
1234 1048 1273 1086 in
1314 1047 1467 1101 magnis

149 1109 488 1164 compreffionibus
521 1110 759 1152 densitatibus
793 1108 1105 1164 proportionales
1138 1122 1217 1150 non
1249 1109 1327 1151 effe
1363 1113 1396 1161 §.
1421 1124 1462 1152 2.

149 1172 307 1215 Deinde
334 1173 381 1214 ad
414 1175 449 1223 ξ.
492 1187 545 1214 10
572 1187 689 1229 vsque
715 1186 768 1214 ex
786 1174 904 1228 ruptis
922 1175 963 1214 vi
995 1185 1113 1227 aquae
1145 1174 1268 1227 globis
1301 1188 1369 1229 per
1387 1175 1466 1216 cal-

151 1237 287 1278 culum
342 1238 535 1279 deducitur
592 1240 865 1279 consectarium
916 1236 1192 1278 Bernoulliano
1249 1240 1465 1291 geminum„

150 1303 186 1352 ξ.
237 1314 305 1340 11.
349 1324 367 1331 -
415 1312 482 1348 13.
525 1303 727 1356 quomodo
761 1302 801 1342 id
834 1314 924 1342 cum
956 1300 1152 1357 proposita
1185 1300 1348 1356 superius
1376 1303 1465 1343 the-

158 1377 233 1407 ora
266 1366 499 1415 consentiat,
535 1366 756 1405 ostenditur.

566 1493 1054 1554 PHYSICA.

150 1611 177 1649 Ι.
208 1608 565 1647 WEITBRECHTII
582 1635 592 1652 ³
620 1611 684 1647 DE
707 1609 879 1647 VTERO
893 1588 1123 1648 MVLIEBRI
1138 1609 1464 1651 OBSERVATIO-

548 1659 578 1696 N
584 1659 637 1697 Es
685 1660 1015 1699 ANATOMICAE.

266 1770 327 1798 uas
361 1756 678 1798 defideratiffimus
714 1754 875 1811 Collega
909 1757 1038 1811 paucis
1071 1767 1157 1798 ante
1190 1759 1341 1801 obitum
1371 1759 1465 1803 heb-

294 1822 514 1862 domadibus
546 1822 754 1862 conuentui
787 1821 1015 1862 exhibuerat
1047 1823 1326 1864 obseruationes
1358 1826 1463 1866 Ana-

153 1885 314 1925 tomicas
335 1916 347 1937 ,
382 1886 476 1926 dum
507 1886 698 1925 recensere
732 1886 1000 1938 adgredimur,
1034 1899 1113 1926 non
1146 1888 1255 1928 nobis
1289 1890 1463 1942 proposi-

157 1955 242 1986 tum
273 1949 324 1989 est
342 1982 352 2001 ,
383 1962 445 1989 eas
476 1950 636 2001 integras
668 1950 729 1990 hic
762 1948 952 2004 inserere·⁷
987 1951 1169 2004 quoniam
1210 1953 1302 1991 citra
1343 1954 1461 1993 muti-

152 2010 341 2053 lationem
384 2014 454 2056 vix
509 2013 811 2056 contr—,ationem
854 2013 932 2068 pati
972 2015 1153 2057 videntur
1171 2048 1182 2069 ,
1234 2015 1294 2057 sed
1341 2017 1462 2058 saltim

780 2076 809 2119 h,
1372 2094 1464 2135 pau·
