1820 2506
356 192 412 221 ω,
422 183 442 223 8
827 175 881 221 M
884 172 1206 222 EDITATION
1209 174 1274 218 Es

350 296 675 351 conspirationem
740 304 866 335 motus
930 306 1133 335 remouere
1184 293 1237 333 est
1275 292 1474 334 materiam
1514 292 1666 346 igneam

350 364 459 415 saepe
513 360 687 414 frigidam
726 392 736 412 ‚
799 359 878 399 hoc
937 359 992 399 est
1040 360 1171 411 ignem
1221 368 1300 397 non
1362 360 1489 408 ignem
1548 355 1624 397 effe
1656 389 1667 409 ,

346 425 547 467 latendum
597 424 680 463 erit.
763 423 868 463 Haec
919 423 981 476 qui
1031 430 1162 462 mente
1220 434 1242 461 a
1291 419 1523 472 praeiudiciis
1576 421 1669 461 libe-

350 502 392 530 ra
449 486 694 527 considerabit
729 519 740 538 ,
800 484 995 527 nobiscum
1045 484 1177 526 sentiet
1195 517 1206 537 ‚
1258 482 1359 523 aestu
1417 484 1482 535 qui
1531 484 1571 523 in
1611 484 1670 524 fo-

352 565 402 592 co
435 551 616 592 causticae
667 548 868 589 machinae
920 558 1118 603 generatur
1135 581 1147 601 ,
1189 548 1390 590 materiam
1427 545 1542 587 calori
1582 560 1675 602 pro-

350 616 477 670 priam
511 615 670 655 minime
702 612 952 654 demonstrari
983 609 1106 668 poffe.

493 680 527 728 §.
552 688 622 726 33.
677 674 763 718 Sale
813 676 969 718 culinari
1021 678 1101 718 nini
1142 676 1207 718 vel
1249 676 1384 731 glaciei
1416 673 1514 716 rasae
1544 676 1674 717 mixto

352 742 496 784 confici
529 741 625 782 solet
657 754 679 782 a
711 740 878 793 Physicis
910 742 1068 782 materia
1086 774 1098 794 ,
1132 740 1336 794 srigorifica
1365 740 1413 780 ab
1446 739 1583 780 effectu
1617 739 1676 779 di-

353 807 416 848 sta
434 840 445 860 ‚
486 806 593 860 quod
636 818 772 860 aquam
813 805 880 846 fibi
914 806 954 845 in
970 805 1055 846 vase
1088 805 1219 859 aliquo
1252 805 1428 845 insertam
1459 805 1497 843 in
1514 803 1675 857 glaciem

353 879 578 911 conuertere
612 867 741 910 soleat.
807 869 926 926 Quod
958 870 1050 910 dum
1082 868 1129 910 fit
1147 901 1159 922 ,
1191 869 1262 909 nix
1296 867 1373 922 ipsa
1406 880 1496 908 cum
1528 867 1598 908 sale
1629 866 1673 908 li-

353 934 506 988 quescit.
574 933 679 974 Hinc
730 932 875 973 rursum
927 933 1105 975 concludi
1153 932 1249 972 solet
1267 966 1278 985 ,
1330 930 1531 973 materiam
1570 931 1674 972 illam

353 997 506 1051 igneam
533 1008 586 1037 ex
602 1008 696 1050 aqua
712 997 753 1036 in
771 997 901 1037 niuem
918 996 1228 1051 circumpositam
1244 997 1458 1050 demigrare
1474 1006 1514 1036 et
1523 991 1676 1036 accessu

350 1060 451 1102 illius
498 1060 598 1101 hanc
639 1059 841 1113 liquescere
860 1093 872 1112 ,
915 1060 1023 1103 illam
1055 1073 1151 1101 vero
1192 1060 1245 1101 ob
1278 1057 1471 1100 deceffum
1506 1059 1675 1100 eiusdem

352 1124 395 1164 in
446 1124 610 1176 glaciem
667 1123 885 1174 constringi.
938 1123 1132 1176 Eggregie
1188 1123 1373 1176 quidem!
1441 1121 1517 1164 Sed
1564 1123 1678 1164 restat

354 1186 494 1240 aliquid
537 1185 763 1226 tentandum
782 1217 793 1237 ,
836 1184 1051 1239 priusquam
1094 1186 1261 1239 palmam
1304 1185 1413 1225 nobis
1460 1187 1556 1238 eripi
1608 1198 1678 1239 pa-

356 1250 509 1291 tiamur.
577 1248 704 1290 Insere
723 1282 734 1301 ⁷
769 1247 907 1302 quaeso
926 1281 937 1301 ‚
970 1250 1049 1289 niui
1083 1249 1414 1290 thermometrum
1448 1248 1557 1290 fimul
1589 1260 1680 1289 cum

356 1326 453 1368 aqua
487 1314 527 1354 in
562 1314 667 1353 vitro
700 1321 883 1353 contenta
900 1344 912 1365 ‚
946 1312 1111 1354 admisce
1144 1314 1226 1354 niui
1249 1312 1399 1367 salem;
1433 1313 1580 1353 videbis
1597 1314 1681 1366 qui-

355 1378 447 1418 dem
482 1390 619 1431 aquam
653 1377 693 1416 in
710 1376 871 1430 glaciem
913 1378 1087 1417 conuerti
1118 1386 1159 1418 et
1192 1377 1403 1417 mixturam
1435 1375 1681 1430 frigorificum

356 1440 607 1495 deliquescere
633 1470 645 1493 ,
694 1441 865 1494 spiritum
909 1449 1037 1481 tamen
1079 1441 1119 1480 in
1161 1440 1449 1481 thermometro
1491 1441 1680 1494 deprimi,

357 1504 556 1547 manifesto
589 1503 732 1544 indicio
750 1536 761 1556 ,
796 1516 847 1544 eo
880 1504 962 1557 ipso
995 1514 1174 1558 tempore
1192 1538 1202 1556 ,
1237 1517 1315 1558 quo
1347 1517 1442 1558 aqua
1466 1504 1681 1557 conglacia-

357 1578 420 1609 tur
438 1601 450 1621 ,
495 1568 705 1608 mixturam
755 1566 1003 1620 frigorificum
1036 1567 1273 1620 frigidiorem
1322 1569 1460 1621 reddi,
1510 1567 1679 1621 adeoque

359 1632 503 1673 nullum
537 1632 668 1685 ignem
710 1630 984 1672 elementarem
1034 1633 1074 1671 in
1109 1644 1195 1672 eam
1227 1643 1280 1671 ex
1313 1644 1406 1685 aqua
1447 1643 1678 1685 prorumpe-

359 1709 435 1749 re·⁹
473 1692 535 1735 sed
569 1695 696 1748 potius
729 1695 859 1735 niuem
894 1695 1092 1748 tepidioris
1127 1707 1244 1748 aquae
1277 1695 1458 1735 contactu
1491 1695 1594 1748 prius
1619 1707 1679 1735 re-²

356 1759 520 1800 solutam
554 1756 666 1798 salem
686 1758 872 1812 aggredi,
906 1757 1052 1799 soluere
1070 1790 1082 1810 ,
1124 1757 1334 1811 refrigerari
1353 1791 1364 1809 ‚
1415 1759 1678 1812 maioremque

360 1824 519 1878 gradum
560 1822 695 1862 caloris
713 1855 723 1874 ,
761 1834 872 1876 quam
907 1836 1001 1876 aqua
1035 1823 1074 1862 in
1091 1822 1254 1875 glaciem
1289 1821 1414 1862 abiens
1447 1821 1585 1862 habere
1618 1821 1679 1863 so—

360 1887 415 1928 let
432 1920 443 1939 ⁷
477 1888 646 1940 aquirere
665 1919 676 1936 ‚
711 1886 798 1925 inde
833 1899 969 1939 aquam
1012 1899 1147 1939 puram
1190 1886 1230 1925 in
1264 1884 1348 1925 vase
1382 1885 1633 1939 cangelascere
1668 1921 1679 1939 ,

360 1951 479 2004 ipsam
514 1962 609 1990 vero
643 1950 772 1990 niuem
796 1950 848 1990 ob
865 1948 980 1990 salem
999 1950 1213 1991 absorbtum
1232 1949 1413 2002 liquidam
1433 1949 1678 2002 perseuerare.

362 2014 460 2069 Quis
492 2015 597 2054 enim
632 2014 781 2066 ignorat
821 2016 861 2054 in
894 2027 990 2068 aqua
1020 2013 1093 2053 sale
1131 2015 1367 2066 impregnata
1399 2012 1511 2054 aliam
1545 2026 1678 2067 puram

363 2078 467 2117 vitro
501 2076 681 2115 inclufiim
723 2078 769 2117 ad
801 2078 959 2129 gradum
993 2076 1257 2116 thermometri
1291 2077 1319 2118 F
1322 2077 1594 2121 alirenheitiani
1621 2079 1678 2116 26

360 2140 403 2201 in
420 2139 583 2198 glaciem
601 2140 805 2197 conuenti,
823 2140 906 2183 salsa
922 2139 1062 2200 liquida
1079 2149 1273 2199 manente3
1545 2141 1579 2193 ς.
1603 2151 1679 2196 342
