<?xml version="1.0" encoding="UTF-8"?>
<!DOCTYPE html PUBLIC "-//W3C//DTD XHTML 1.0 Transitional//EN"
    "http://www.w3.org/TR/xhtml1/DTD/xhtml1-transitional.dtd">
<html xmlns="http://www.w3.org/1999/xhtml" xml:lang="en" lang="en">
 <head>
  <title>
</title>
<meta http-equiv="Content-Type" content="text/html;charset=utf-8" />
  <meta name='ocr-system' content='tesseract 3.04.00' />
  <meta name='ocr-capabilities' content='ocr_page ocr_carea ocr_par ocr_line ocrx_word'/>
</head>
<body>
  <div class='ocr_page' id='page_1' title='image "./novicommentariac01impe_0370.png"; bbox 0 0 1820 2506; ppageno 0'>
   <div class='ocr_carea' id='block_1_1' title="bbox 375 177 1315 237">
    <p class='ocr_par' dir='ltr' id='par_1_1' title="bbox 375 177 1315 237">
     <span class='ocr_line' id='line_1_1' title="bbox 375 177 1315 237; baseline 0.005 -11"><span class='ocrx_word' id='word_1_1' title='bbox 375 195 462 237; x_wconf 81' lang='lat'>272</span> <span class='ocrx_word' id='word_1_2' title='bbox 823 184 905 228; x_wconf 89' lang='lat' dir='ltr'>DE</span> <span class='ocrx_word' id='word_1_3' title='bbox 936 177 1117 231; x_wconf 85' lang='lat' dir='ltr'><em>MOTV</em></span> <span class='ocrx_word' id='word_1_4' title='bbox 1147 184 1315 232; x_wconf 80' lang='lat' dir='ltr'><strong><em>AERIS</em></strong></span> 
     </span>
    </p>
   </div>
   <div class='ocr_carea' id='block_1_2' title="bbox 377 301 1691 422">
    <p class='ocr_par' dir='ltr' id='par_1_2' title="bbox 377 301 1691 422">
     <span class='ocr_line' id='line_1_2' title="bbox 379 301 1691 361; baseline 0.002 -15"><span class='ocrx_word' id='word_1_5' title='bbox 379 315 492 346; x_wconf 88' lang='lat' dir='ltr'>mum</span> <span class='ocrx_word' id='word_1_6' title='bbox 533 314 586 345; x_wconf 85' lang='lat' dir='ltr'>ex</span> <span class='ocrx_word' id='word_1_7' title='bbox 627 308 802 357; x_wconf 80' lang='lat' dir='ltr'>apertura</span> <span class='ocrx_word' id='word_1_8' title='bbox 844 303 883 345; x_wconf 88' lang='lat' dir='ltr'>A</span> <span class='ocrx_word' id='word_1_9' title='bbox 926 302 1052 345; x_wconf 83' lang='lat' dir='ltr'>versus</span> <span class='ocrx_word' id='word_1_10' title='bbox 1091 301 1127 343; x_wconf 92' lang='lat' dir='ltr'>L</span> <span class='ocrx_word' id='word_1_11' title='bbox 1161 303 1285 345; x_wconf 87' lang='lat' dir='ltr'>effluit</span> <span class='ocrx_word' id='word_1_12' title='bbox 1310 337 1323 356; x_wconf 92' lang='lat'>,</span> <span class='ocrx_word' id='word_1_13' title='bbox 1373 302 1498 347; x_wconf 83' lang='lat' dir='ltr'>calore</span> <span class='ocrx_word' id='word_1_14' title='bbox 1537 303 1665 349; x_wconf 83' lang='lat' dir='ltr'>rarefit</span> <span class='ocrx_word' id='word_1_15' title='bbox 1680 340 1691 361; x_wconf 58' lang='lat'><strong><em>7</em></strong></span> 
     </span>
     <span class='ocr_line' id='line_1_3' title="bbox 377 367 1386 422; baseline -0.001 -13"><span class='ocrx_word' id='word_1_16' title='bbox 377 382 469 410; x_wconf 90' lang='lat' dir='ltr'>cum</span> <span class='ocrx_word' id='word_1_17' title='bbox 493 367 641 422; x_wconf 89' lang='lat' dir='ltr'>reliquo</span> <span class='ocrx_word' id='word_1_18' title='bbox 666 379 751 409; x_wconf 84' lang='lat' dir='ltr'>aere</span> <span class='ocrx_word' id='word_1_19' title='bbox 783 368 1060 409; x_wconf 85' lang='lat' dir='ltr'>commiscetur</span> <span class='ocrx_word' id='word_1_20' title='bbox 1090 375 1130 407; x_wconf 90' lang='lat' dir='ltr'>et</span> <span class='ocrx_word' id='word_1_21' title='bbox 1160 367 1386 409; x_wconf 86' lang='lat' dir='ltr'>distrahitur.</span> 
     </span>
    </p>
   </div>
   <div class='ocr_carea' id='block_1_3' title="bbox 814 427 1250 486">
    <p class='ocr_par' dir='ltr' id='par_1_3' title="bbox 814 427 1250 486">
     <span class='ocr_line' id='line_1_4' title="bbox 814 427 1250 486; baseline -0.002 0"><span class='ocrx_word' id='word_1_22' title='bbox 814 427 877 486; x_wconf 88' lang='lat' dir='ltr'>T</span> <span class='ocrx_word' id='word_1_23' title='bbox 883 427 1159 486; x_wconf 81' lang='lat' dir='ltr'>heorema</span> <span class='ocrx_word' id='word_1_24' title='bbox 1199 447 1250 485; x_wconf 85' lang='lat'>2.</span> 
     </span>
    </p>
   </div>
   <div class='ocr_carea' id='block_1_4' title="bbox 373 513 1692 636">
    <p class='ocr_par' dir='ltr' id='par_1_4' title="bbox 373 513 1692 636">
     <span class='ocr_line' id='line_1_5' title="bbox 525 513 1692 570; baseline 0.005 -16"><span class='ocrx_word' id='word_1_25' title='bbox 525 515 561 564; x_wconf 85' lang='lat'>§.</span> <span class='ocrx_word' id='word_1_26' title='bbox 584 524 650 565; x_wconf 92' lang='lat'>17.</span> <span class='ocrx_word' id='word_1_27' title='bbox 680 516 882 570; x_wconf 86' lang='lat' dir='ltr'>Tempore</span> <span class='ocrx_word' id='word_1_28' title='bbox 898 516 1040 556; x_wconf 85' lang='lat' dir='ltr'>aestiuo</span> <span class='ocrx_word' id='word_1_29' title='bbox 1054 528 1118 556; x_wconf 84' lang='lat' dir='ltr'>aer</span> <span class='ocrx_word' id='word_1_30' title='bbox 1133 516 1245 557; x_wconf 89' lang='lat' dir='ltr'>debet</span> <span class='ocrx_word' id='word_1_31' title='bbox 1258 513 1402 556; x_wconf 84' lang='lat' dir='ltr'>infiindi</span> <span class='ocrx_word' id='word_1_32' title='bbox 1418 516 1456 556; x_wconf 87' lang='lat' dir='ltr'>in</span> <span class='ocrx_word' id='word_1_33' title='bbox 1474 515 1692 560; x_wconf 85' lang='lat' dir='ltr'>cuniculum</span> 
     </span>
     <span class='ocr_line' id='line_1_6' title="bbox 373 579 1689 636; baseline 0 -14"><span class='ocrx_word' id='word_1_34' title='bbox 373 579 604 636; x_wconf 75' lang='lat' dir='ltr'>superiorem</span> <span class='ocrx_word' id='word_1_35' title='bbox 646 579 676 620; x_wconf 89' lang='lat' dir='ltr'>F</span> <span class='ocrx_word' id='word_1_36' title='bbox 694 579 734 623; x_wconf 90' lang='lat' dir='ltr'>G</span> <span class='ocrx_word' id='word_1_37' title='bbox 753 612 766 634; x_wconf 90' lang='lat'>‚</span> <span class='ocrx_word' id='word_1_38' title='bbox 808 588 849 620; x_wconf 87' lang='lat' dir='ltr'>et</span> <span class='ocrx_word' id='word_1_39' title='bbox 872 592 912 629; x_wconf 59' lang='lat' dir='ltr'>‚e</span> <span class='ocrx_word' id='word_1_40' title='bbox 949 579 1129 620; x_wconf 89' lang='lat' dir='ltr'>cuniculo</span> <span class='ocrx_word' id='word_1_41' title='bbox 1176 579 1353 621; x_wconf 87' lang='lat' dir='ltr'>inferiore</span> <span class='ocrx_word' id='word_1_42' title='bbox 1392 580 1432 621; x_wconf 85' lang='lat' dir='ltr'>H</span> <span class='ocrx_word' id='word_1_43' title='bbox 1449 579 1485 621; x_wconf 90' lang='lat' dir='ltr'>K</span> <span class='ocrx_word' id='word_1_44' title='bbox 1523 579 1689 623; x_wconf 70' lang='lat' dir='ltr'>effluere,</span> 
     </span>
    </p>
   </div>
   <div class='ocr_carea' id='block_1_5' title="bbox 807 647 1251 710">
    <p class='ocr_par' dir='ltr' id='par_1_5' title="bbox 807 647 1251 710">
     <span class='ocr_line' id='line_1_7' title="bbox 807 647 1251 710; baseline 0 0"><span class='ocrx_word' id='word_1_45' title='bbox 807 647 1251 710; x_wconf 83' lang='lat' dir='ltr'>Demonstratio.</span> 
     </span>
    </p>
   </div>
   <div class='ocr_carea' id='block_1_6' title="bbox 369 737 1734 2064">
    <p class='ocr_par' dir='ltr' id='par_1_6' title="bbox 369 737 1734 2064">
     <span class='ocr_line' id='line_1_8' title="bbox 523 737 1693 794; baseline 0.002 -15"><span class='ocrx_word' id='word_1_46' title='bbox 523 739 729 794; x_wconf 85' lang='lat' dir='ltr'>Vtriusque</span> <span class='ocrx_word' id='word_1_47' title='bbox 760 740 865 793; x_wconf 88' lang='lat' dir='ltr'>putei</span> <span class='ocrx_word' id='word_1_48' title='bbox 896 740 1077 793; x_wconf 87' lang='lat' dir='ltr'>aperturis</span> <span class='ocrx_word' id='word_1_49' title='bbox 1108 740 1148 781; x_wconf 90' lang='lat' dir='ltr'>H</span> <span class='ocrx_word' id='word_1_50' title='bbox 1182 749 1221 780; x_wconf 90' lang='lat' dir='ltr'>et</span> <span class='ocrx_word' id='word_1_51' title='bbox 1259 739 1292 780; x_wconf 88' lang='lat' dir='ltr'>F</span> <span class='ocrx_word' id='word_1_52' title='bbox 1331 737 1501 780; x_wconf 79' lang='lat' dir='ltr'>insistunt</span> <span class='ocrx_word' id='word_1_53' title='bbox 1540 737 1693 781; x_wconf 88' lang='lat' dir='ltr'>colum·</span> 
     </span>
     <span class='ocr_line' id='line_1_9' title="bbox 372 801 1691 859; baseline 0 -15"><span class='ocrx_word' id='word_1_54' title='bbox 372 815 447 844; x_wconf 84' lang='lat' dir='ltr'>nae</span> <span class='ocrx_word' id='word_1_55' title='bbox 479 805 575 844; x_wconf 81' lang='lat' dir='ltr'>aeris</span> <span class='ocrx_word' id='word_1_56' title='bbox 607 804 655 844; x_wconf 85' lang='lat' dir='ltr'>ad</span> <span class='ocrx_word' id='word_1_57' title='bbox 687 802 926 858; x_wconf 89' lang='lat' dir='ltr'>superficiem</span> <span class='ocrx_word' id='word_1_58' title='bbox 957 801 1224 857; x_wconf 79' lang='lat' dir='ltr'>atmospherae</span> <span class='ocrx_word' id='word_1_59' title='bbox 1256 803 1521 857; x_wconf 66' lang='lat' dir='ltr'>exporredtae.</span> <span class='ocrx_word' id='word_1_60' title='bbox 1581 803 1691 859; x_wconf 77' lang='lat' dir='ltr'>Quae</span> 
     </span>
     <span class='ocr_line' id='line_1_10' title="bbox 373 866 1691 921; baseline -0.001 -14"><span class='ocrx_word' id='word_1_61' title='bbox 373 866 504 908; x_wconf 79' lang='lat' dir='ltr'>insistit</span> <span class='ocrx_word' id='word_1_62' title='bbox 537 876 735 921; x_wconf 82' lang='lat' dir='ltr'>aperturae</span> <span class='ocrx_word' id='word_1_63' title='bbox 767 867 812 919; x_wconf 84' lang='lat' dir='ltr'>F,</span> <span class='ocrx_word' id='word_1_64' title='bbox 844 866 998 908; x_wconf 89' lang='lat' dir='ltr'>breuior</span> <span class='ocrx_word' id='word_1_65' title='bbox 1029 866 1083 907; x_wconf 92' lang='lat' dir='ltr'>est</span> <span class='ocrx_word' id='word_1_66' title='bbox 1125 866 1241 907; x_wconf 85' lang='lat' dir='ltr'>altera</span> <span class='ocrx_word' id='word_1_67' title='bbox 1280 867 1462 907; x_wconf 84' lang='lat' dir='ltr'>columna</span> <span class='ocrx_word' id='word_1_68' title='bbox 1503 866 1691 907; x_wconf 79' lang='lat' dir='ltr'>insistente</span> 
     </span>
     <span class='ocr_line' id='line_1_11' title="bbox 371 929 1690 984; baseline 0.001 -14"><span class='ocrx_word' id='word_1_69' title='bbox 371 939 570 984; x_wconf 84' lang='lat' dir='ltr'>aperturae</span> <span class='ocrx_word' id='word_1_70' title='bbox 601 931 655 983; x_wconf 86' lang='lat' dir='ltr'>H,</span> <span class='ocrx_word' id='word_1_71' title='bbox 689 939 795 984; x_wconf 83' lang='lat' dir='ltr'>parte</span> <span class='ocrx_word' id='word_1_72' title='bbox 824 930 863 971; x_wconf 91' lang='lat' dir='ltr'>H</span> <span class='ocrx_word' id='word_1_73' title='bbox 882 930 912 970; x_wconf 92' lang='lat' dir='ltr'>P</span> <span class='ocrx_word' id='word_1_74' title='bbox 930 963 941 983; x_wconf 88' lang='lat'>‚</span> <span class='ocrx_word' id='word_1_75' title='bbox 976 943 1092 984; x_wconf 85' lang='lat' dir='ltr'>quem</span> <span class='ocrx_word' id='word_1_76' title='bbox 1126 930 1315 971; x_wconf 73' lang='lat' dir='ltr'>defectum</span> <span class='ocrx_word' id='word_1_77' title='bbox 1334 929 1513 971; x_wconf 83' lang='lat' dir='ltr'>substituit</span> <span class='ocrx_word' id='word_1_78' title='bbox 1535 930 1690 971; x_wconf 89' lang='lat' dir='ltr'>colum-</span> 
     </span>
     <span class='ocr_line' id='line_1_12' title="bbox 371 992 1688 1050; baseline 0 -16"><span class='ocrx_word' id='word_1_79' title='bbox 371 1006 420 1034; x_wconf 85' lang='lat' dir='ltr'>na</span> <span class='ocrx_word' id='word_1_80' title='bbox 452 995 545 1034; x_wconf 79' lang='lat' dir='ltr'>aeris</span> <span class='ocrx_word' id='word_1_81' title='bbox 576 996 615 1034; x_wconf 90' lang='lat' dir='ltr'>in</span> <span class='ocrx_word' id='word_1_82' title='bbox 648 1003 766 1048; x_wconf 90' lang='lat' dir='ltr'>puteo</span> <span class='ocrx_word' id='word_1_83' title='bbox 817 993 1018 1034; x_wconf 71' lang='lat' dir='ltr'>interieeco</span> <span class='ocrx_word' id='word_1_84' title='bbox 1067 992 1107 1036; x_wconf 93' lang='lat' dir='ltr'>G</span> <span class='ocrx_word' id='word_1_85' title='bbox 1126 993 1160 1035; x_wconf 90' lang='lat' dir='ltr'>K</span> <span class='ocrx_word' id='word_1_86' title='bbox 1212 1002 1404 1035; x_wconf 86' lang='lat' dir='ltr'>contenta.</span> <span class='ocrx_word' id='word_1_87' title='bbox 1489 993 1688 1050; x_wconf 81' lang='lat' dir='ltr'>Quoniam</span> 
     </span>
     <span class='ocr_line' id='line_1_13' title="bbox 370 1055 1689 1113; baseline 0.001 -16"><span class='ocrx_word' id='word_1_88' title='bbox 370 1067 500 1098; x_wconf 81' lang='lat' dir='ltr'>autem</span> <span class='ocrx_word' id='word_1_89' title='bbox 531 1066 710 1111; x_wconf 88' lang='lat' dir='ltr'>tempore</span> <span class='ocrx_word' id='word_1_90' title='bbox 741 1057 881 1098; x_wconf 87' lang='lat' dir='ltr'>aestiuo</span> <span class='ocrx_word' id='word_1_91' title='bbox 914 1070 977 1098; x_wconf 84' lang='lat' dir='ltr'>aer</span> <span class='ocrx_word' id='word_1_92' title='bbox 1010 1062 1051 1097; x_wconf 83' lang='lat' dir='ltr'>in</span> <span class='ocrx_word' id='word_1_93' title='bbox 1086 1058 1221 1099; x_wconf 82' lang='lat' dir='ltr'>fodinis</span> <span class='ocrx_word' id='word_1_94' title='bbox 1252 1057 1305 1099; x_wconf 89' lang='lat' dir='ltr'>est</span> <span class='ocrx_word' id='word_1_95' title='bbox 1339 1055 1512 1113; x_wconf 88' lang='lat' dir='ltr'>specifice</span> <span class='ocrx_word' id='word_1_96' title='bbox 1538 1059 1689 1111; x_wconf 87' lang='lat' dir='ltr'>grauior</span> 
     </span>
     <span class='ocr_line' id='line_1_14' title="bbox 370 1118 1690 1175; baseline 0.002 -15"><span class='ocrx_word' id='word_1_97' title='bbox 370 1132 458 1160; x_wconf 87' lang='lat' dir='ltr'>aere</span> <span class='ocrx_word' id='word_1_98' title='bbox 497 1130 661 1160; x_wconf 87' lang='lat' dir='ltr'>externo</span> <span class='ocrx_word' id='word_1_99' title='bbox 703 1119 771 1174; x_wconf 83' lang='lat'>(§.</span> <span class='ocrx_word' id='word_1_100' title='bbox 814 1132 832 1158; x_wconf 89' lang='lat'>1</span> <span class='ocrx_word' id='word_1_101' title='bbox 845 1118 903 1175; x_wconf 92' lang='lat'>1.)</span> <span class='ocrx_word' id='word_1_102' title='bbox 947 1120 1199 1173; x_wconf 80' lang='lat' dir='ltr'>quamobrem</span> <span class='ocrx_word' id='word_1_103' title='bbox 1255 1133 1340 1174; x_wconf 84' lang='lat' dir='ltr'>pars</span> <span class='ocrx_word' id='word_1_104' title='bbox 1385 1121 1588 1162; x_wconf 80' lang='lat' dir='ltr'>columnae</span> <span class='ocrx_word' id='word_1_105' title='bbox 1633 1130 1690 1162; x_wconf 84' lang='lat' dir='ltr'>at-</span> 
     </span>
     <span class='ocr_line' id='line_1_15' title="bbox 371 1181 1691 1237; baseline 0.001 -14"><span class='ocrx_word' id='word_1_106' title='bbox 371 1182 656 1237; x_wconf 84' lang='lat' dir='ltr'>mosphaericae</span> <span class='ocrx_word' id='word_1_107' title='bbox 689 1183 729 1223; x_wconf 90' lang='lat' dir='ltr'>in</span> <span class='ocrx_word' id='word_1_108' title='bbox 764 1191 885 1236; x_wconf 90' lang='lat' dir='ltr'>puteo</span> <span class='ocrx_word' id='word_1_109' title='bbox 919 1183 1119 1223; x_wconf 65' lang='lat' dir='ltr'>interiedto</span> <span class='ocrx_word' id='word_1_110' title='bbox 1152 1191 1334 1223; x_wconf 86' lang='lat' dir='ltr'>contenta</span> <span class='ocrx_word' id='word_1_111' title='bbox 1366 1181 1406 1224; x_wconf 92' lang='lat' dir='ltr'>G</span> <span class='ocrx_word' id='word_1_112' title='bbox 1425 1182 1459 1223; x_wconf 90' lang='lat' dir='ltr'>K</span> <span class='ocrx_word' id='word_1_113' title='bbox 1502 1184 1575 1233; x_wconf 81' lang='lat' dir='ltr'>erit</span> <span class='ocrx_word' id='word_1_114' title='bbox 1608 1184 1691 1237; x_wconf 89' lang='lat' dir='ltr'>spe-</span> 
     </span>
     <span class='ocr_line' id='line_1_16' title="bbox 372 1246 1692 1300; baseline 0.001 -13"><span class='ocrx_word' id='word_1_115' title='bbox 372 1246 482 1287; x_wconf 88' lang='lat' dir='ltr'>cifice</span> <span class='ocrx_word' id='word_1_116' title='bbox 510 1248 662 1300; x_wconf 85' lang='lat' dir='ltr'>grauior</span> <span class='ocrx_word' id='word_1_117' title='bbox 694 1256 804 1300; x_wconf 83' lang='lat' dir='ltr'>parte</span> <span class='ocrx_word' id='word_1_118' title='bbox 836 1246 1040 1287; x_wconf 84' lang='lat' dir='ltr'>columnae</span> <span class='ocrx_word' id='word_1_119' title='bbox 1074 1247 1103 1288; x_wconf 90' lang='lat' dir='ltr'>P</span> <span class='ocrx_word' id='word_1_120' title='bbox 1121 1247 1173 1288; x_wconf 90' lang='lat' dir='ltr'>H.</span> <span class='ocrx_word' id='word_1_121' title='bbox 1242 1246 1425 1300; x_wconf 83' lang='lat' dir='ltr'>Reliquae</span> <span class='ocrx_word' id='word_1_122' title='bbox 1458 1255 1587 1287; x_wconf 81' lang='lat' dir='ltr'>autem</span> <span class='ocrx_word' id='word_1_123' title='bbox 1621 1258 1692 1289; x_wconf 90' lang='lat' dir='ltr'>co-</span> 
     </span>
     <span class='ocr_line' id='line_1_17' title="bbox 370 1308 1688 1365; baseline 0 -14"><span class='ocrx_word' id='word_1_124' title='bbox 370 1309 587 1352; x_wconf 84' lang='lat' dir='ltr'>lumnarum</span> <span class='ocrx_word' id='word_1_125' title='bbox 623 1319 746 1365; x_wconf 81' lang='lat' dir='ltr'>partes</span> <span class='ocrx_word' id='word_1_126' title='bbox 785 1310 831 1351; x_wconf 85' lang='lat' dir='ltr'>ad</span> <span class='ocrx_word' id='word_1_127' title='bbox 872 1308 1113 1365; x_wconf 89' lang='lat' dir='ltr'>superficiem</span> <span class='ocrx_word' id='word_1_128' title='bbox 1169 1309 1457 1364; x_wconf 79' lang='lat' dir='ltr'>atmosphaerae</span> <span class='ocrx_word' id='word_1_129' title='bbox 1503 1322 1688 1364; x_wconf 88' lang='lat' dir='ltr'>exporre-</span> 
     </span>
     <span class='ocr_line' id='line_1_18' title="bbox 370 1372 1689 1429; baseline 0.001 -14"><span class='ocrx_word' id='word_1_130' title='bbox 370 1374 455 1415; x_wconf 67' lang='lat' dir='ltr'>&amp;ae</span> <span class='ocrx_word' id='word_1_131' title='bbox 489 1376 572 1415; x_wconf 78' lang='lat' dir='ltr'>lunt</span> <span class='ocrx_word' id='word_1_132' title='bbox 606 1375 773 1415; x_wconf 80' lang='lat' dir='ltr'>eiusdem</span> <span class='ocrx_word' id='word_1_133' title='bbox 808 1374 1014 1415; x_wconf 82' lang='lat' dir='ltr'>altitudinis</span> <span class='ocrx_word' id='word_1_134' title='bbox 1055 1384 1094 1416; x_wconf 85' lang='lat' dir='ltr'>et</span> <span class='ocrx_word' id='word_1_135' title='bbox 1124 1374 1312 1429; x_wconf 80' lang='lat' dir='ltr'>grauitatis</span> <span class='ocrx_word' id='word_1_136' title='bbox 1343 1372 1518 1428; x_wconf 89' lang='lat' dir='ltr'>specifice</span> <span class='ocrx_word' id='word_1_137' title='bbox 1550 1372 1563 1429; x_wconf 95' lang='lat'>(</span> <span class='ocrx_word' id='word_1_138' title='bbox 1599 1387 1689 1416; x_wconf 84' lang='lat' dir='ltr'>nam</span> 
     </span>
     <span class='ocr_line' id='line_1_19' title="bbox 370 1437 1689 1493; baseline 0 -14"><span class='ocrx_word' id='word_1_139' title='bbox 370 1438 411 1479; x_wconf 90' lang='lat' dir='ltr'>in</span> <span class='ocrx_word' id='word_1_140' title='bbox 445 1439 581 1480; x_wconf 85' lang='lat' dir='ltr'>eadem</span> <span class='ocrx_word' id='word_1_141' title='bbox 615 1437 692 1479; x_wconf 84' lang='lat' dir='ltr'>fere</span> <span class='ocrx_word' id='word_1_142' title='bbox 732 1438 1018 1492; x_wconf 75' lang='lat' dir='ltr'>atmosphaerae</span> <span class='ocrx_word' id='word_1_143' title='bbox 1058 1449 1167 1493; x_wconf 80' lang='lat' dir='ltr'>parte</span> <span class='ocrx_word' id='word_1_144' title='bbox 1197 1439 1326 1479; x_wconf 92' lang='lat' dir='ltr'>subdio</span> <span class='ocrx_word' id='word_1_145' title='bbox 1361 1438 1408 1478; x_wconf 78' lang='lat' dir='ltr'>ad</span> <span class='ocrx_word' id='word_1_146' title='bbox 1441 1450 1563 1478; x_wconf 88' lang='lat' dir='ltr'>vnum</span> <span class='ocrx_word' id='word_1_147' title='bbox 1610 1448 1689 1479; x_wconf 83' lang='lat' dir='ltr'>ter=</span> 
     </span>
     <span class='ocr_line' id='line_1_20' title="bbox 370 1501 1687 1557; baseline -0.001 -15"><span class='ocrx_word' id='word_1_148' title='bbox 370 1503 525 1543; x_wconf 88' lang='lat' dir='ltr'>minum</span> <span class='ocrx_word' id='word_1_149' title='bbox 559 1501 847 1557; x_wconf 80' lang='lat' dir='ltr'>extenduntur)</span> <span class='ocrx_word' id='word_1_150' title='bbox 883 1502 1132 1556; x_wconf 79' lang='lat' dir='ltr'>quamobrem</span> <span class='ocrx_word' id='word_1_151' title='bbox 1166 1503 1344 1543; x_wconf 86' lang='lat' dir='ltr'>columna</span> <span class='ocrx_word' id='word_1_152' title='bbox 1360 1503 1454 1542; x_wconf 79' lang='lat' dir='ltr'>aeris</span> <span class='ocrx_word' id='word_1_153' title='bbox 1472 1534 1482 1554; x_wconf 87' lang='lat'>‚</span> <span class='ocrx_word' id='word_1_154' title='bbox 1517 1514 1611 1554; x_wconf 74' lang='lat' dir='ltr'>quae</span> <span class='ocrx_word' id='word_1_155' title='bbox 1631 1503 1687 1541; x_wconf 71' lang='lat' dir='ltr'>in·</span> 
     </span>
     <span class='ocr_line' id='line_1_21' title="bbox 371 1563 1685 1619; baseline -0.002 -13"><span class='ocrx_word' id='word_1_156' title='bbox 371 1565 460 1607; x_wconf 82' lang='lat' dir='ltr'>fistit</span> <span class='ocrx_word' id='word_1_157' title='bbox 492 1574 686 1619; x_wconf 82' lang='lat' dir='ltr'>aperturae</span> <span class='ocrx_word' id='word_1_158' title='bbox 721 1565 752 1605; x_wconf 89' lang='lat' dir='ltr'>F</span> <span class='ocrx_word' id='word_1_159' title='bbox 786 1578 874 1605; x_wconf 88' lang='lat' dir='ltr'>cum</span> <span class='ocrx_word' id='word_1_160' title='bbox 908 1574 1016 1618; x_wconf 83' lang='lat' dir='ltr'>parte</span> <span class='ocrx_word' id='word_1_161' title='bbox 1048 1564 1223 1619; x_wconf 84' lang='lat' dir='ltr'>specifice</span> <span class='ocrx_word' id='word_1_162' title='bbox 1255 1567 1429 1618; x_wconf 79' lang='lat' dir='ltr'>grauiore</span> <span class='ocrx_word' id='word_1_163' title='bbox 1460 1563 1500 1606; x_wconf 93' lang='lat' dir='ltr'>G</span> <span class='ocrx_word' id='word_1_164' title='bbox 1517 1564 1552 1604; x_wconf 91' lang='lat' dir='ltr'>K</span> <span class='ocrx_word' id='word_1_165' title='bbox 1578 1577 1685 1617; x_wconf 81' lang='lat' dir='ltr'>prae-</span> 
     </span>
     <span class='ocr_line' id='line_1_22' title="bbox 369 1627 1734 1683; baseline -0.004 -14"><span class='ocrx_word' id='word_1_166' title='bbox 369 1629 598 1683; x_wconf 83' lang='lat' dir='ltr'>ponderabit</span> <span class='ocrx_word' id='word_1_167' title='bbox 639 1628 843 1669; x_wconf 86' lang='lat' dir='ltr'>columnae</span> <span class='ocrx_word' id='word_1_168' title='bbox 873 1628 1053 1668; x_wconf 84' lang='lat' dir='ltr'>infistenti</span> <span class='ocrx_word' id='word_1_169' title='bbox 1086 1638 1283 1683; x_wconf 80' lang='lat' dir='ltr'>aperturae</span> <span class='ocrx_word' id='word_1_170' title='bbox 1316 1629 1354 1669; x_wconf 93' lang='lat' dir='ltr'>H</span> <span class='ocrx_word' id='word_1_171' title='bbox 1376 1641 1463 1668; x_wconf 90' lang='lat' dir='ltr'>cum</span> <span class='ocrx_word' id='word_1_172' title='bbox 1482 1637 1587 1681; x_wconf 78' lang='lat' dir='ltr'>parte</span> <span class='ocrx_word' id='word_1_173' title='bbox 1605 1627 1687 1681; x_wconf 84' lang='lat' dir='ltr'>spe·</span> <span class='ocrx_word' id='word_1_174' title='bbox 1732 1662 1734 1664; x_wconf 78' lang='grc'>,</span> 
     </span>
     <span class='ocr_line' id='line_1_23' title="bbox 371 1690 1685 1746; baseline 0 -13"><span class='ocrx_word' id='word_1_175' title='bbox 371 1692 483 1733; x_wconf 88' lang='lat' dir='ltr'>cifice</span> <span class='ocrx_word' id='word_1_176' title='bbox 541 1692 686 1732; x_wconf 84' lang='lat' dir='ltr'>leuiore</span> <span class='ocrx_word' id='word_1_177' title='bbox 740 1693 780 1734; x_wconf 91' lang='lat' dir='ltr'>H</span> <span class='ocrx_word' id='word_1_178' title='bbox 806 1692 848 1732; x_wconf 94' lang='lat' dir='ltr'>P.</span> <span class='ocrx_word' id='word_1_179' title='bbox 933 1690 1217 1746; x_wconf 73' lang='lat' dir='ltr'>Consequenter</span> <span class='ocrx_word' id='word_1_180' title='bbox 1274 1691 1415 1732; x_wconf 79' lang='lat' dir='ltr'>sublato</span> <span class='ocrx_word' id='word_1_181' title='bbox 1464 1691 1685 1745; x_wconf 80' lang='lat' dir='ltr'>aequilibrio</span> 
     </span>
     <span class='ocr_line' id='line_1_24' title="bbox 370 1754 1683 1810; baseline -0.001 -14"><span class='ocrx_word' id='word_1_182' title='bbox 370 1767 434 1797; x_wconf 82' lang='lat' dir='ltr'>aer</span> <span class='ocrx_word' id='word_1_183' title='bbox 466 1757 505 1797; x_wconf 90' lang='lat' dir='ltr'>in</span> <span class='ocrx_word' id='word_1_184' title='bbox 537 1765 656 1810; x_wconf 90' lang='lat' dir='ltr'>puteo</span> <span class='ocrx_word' id='word_1_185' title='bbox 690 1756 890 1797; x_wconf 70' lang='lat' dir='ltr'>interiecto</span> <span class='ocrx_word' id='word_1_186' title='bbox 923 1754 963 1798; x_wconf 92' lang='lat' dir='ltr'>G</span> <span class='ocrx_word' id='word_1_187' title='bbox 982 1756 1016 1797; x_wconf 90' lang='lat' dir='ltr'>K</span> <span class='ocrx_word' id='word_1_188' title='bbox 1052 1755 1248 1797; x_wconf 87' lang='lat' dir='ltr'>descendet</span> <span class='ocrx_word' id='word_1_189' title='bbox 1287 1756 1326 1795; x_wconf 90' lang='lat' dir='ltr'>in</span> <span class='ocrx_word' id='word_1_190' title='bbox 1367 1755 1585 1795; x_wconf 86' lang='lat' dir='ltr'>cuniculum</span> <span class='ocrx_word' id='word_1_191' title='bbox 1624 1755 1683 1795; x_wconf 90' lang='lat' dir='ltr'>in-</span> 
     </span>
     <span class='ocr_line' id='line_1_25' title="bbox 369 1818 1683 1874; baseline 0.001 -15"><span class='ocrx_word' id='word_1_192' title='bbox 369 1820 550 1861; x_wconf 88' lang='lat' dir='ltr'>feriorem</span> <span class='ocrx_word' id='word_1_193' title='bbox 585 1820 623 1860; x_wconf 87' lang='lat' dir='ltr'>H</span> <span class='ocrx_word' id='word_1_194' title='bbox 643 1820 677 1861; x_wconf 88' lang='lat' dir='ltr'>K</span> <span class='ocrx_word' id='word_1_195' title='bbox 697 1853 707 1873; x_wconf 85' lang='lat'>,</span> <span class='ocrx_word' id='word_1_196' title='bbox 742 1830 779 1861; x_wconf 87' lang='lat' dir='ltr'>et</span> <span class='ocrx_word' id='word_1_197' title='bbox 812 1822 1062 1874; x_wconf 76' lang='lat' dir='ltr'>quantitatem</span> <span class='ocrx_word' id='word_1_198' title='bbox 1096 1831 1189 1860; x_wconf 82' lang='lat' dir='ltr'>aens</span> <span class='ocrx_word' id='word_1_199' title='bbox 1220 1818 1285 1859; x_wconf 88' lang='lat' dir='ltr'>fibi</span> <span class='ocrx_word' id='word_1_200' title='bbox 1321 1819 1513 1871; x_wconf 78' lang='lat' dir='ltr'>aequalem</span> <span class='ocrx_word' id='word_1_201' title='bbox 1547 1831 1599 1859; x_wconf 86' lang='lat' dir='ltr'>ex</span> <span class='ocrx_word' id='word_1_202' title='bbox 1633 1831 1683 1860; x_wconf 91' lang='lat' dir='ltr'>eo</span> 
     </span>
     <span class='ocr_line' id='line_1_26' title="bbox 369 1880 1684 1938; baseline 0 -14"><span class='ocrx_word' id='word_1_203' title='bbox 369 1883 468 1924; x_wconf 83' lang='lat' dir='ltr'>foras</span> <span class='ocrx_word' id='word_1_204' title='bbox 500 1897 568 1938; x_wconf 89' lang='lat' dir='ltr'>per</span> <span class='ocrx_word' id='word_1_205' title='bbox 603 1884 640 1925; x_wconf 89' lang='lat' dir='ltr'>H</span> <span class='ocrx_word' id='word_1_206' title='bbox 677 1885 887 1938; x_wconf 90' lang='lat' dir='ltr'>protrudet.</span> <span class='ocrx_word' id='word_1_207' title='bbox 953 1884 1001 1925; x_wconf 90' lang='lat' dir='ltr'>In</span> <span class='ocrx_word' id='word_1_208' title='bbox 1035 1892 1196 1937; x_wconf 89' lang='lat' dir='ltr'>puteum</span> <span class='ocrx_word' id='word_1_209' title='bbox 1228 1882 1467 1923; x_wconf 68' lang='lat' dir='ltr'>interiectum</span> <span class='ocrx_word' id='word_1_210' title='bbox 1499 1880 1538 1924; x_wconf 89' lang='lat' dir='ltr'>G</span> <span class='ocrx_word' id='word_1_211' title='bbox 1557 1882 1592 1924; x_wconf 89' lang='lat' dir='ltr'>K</span> <span class='ocrx_word' id='word_1_212' title='bbox 1620 1895 1684 1924; x_wconf 83' lang='lat' dir='ltr'>aer</span> 
     </span>
     <span class='ocr_line' id='line_1_27' title="bbox 372 1946 1683 2001; baseline -0.001 -14"><span class='ocrx_word' id='word_1_213' title='bbox 372 1948 514 1988; x_wconf 87' lang='lat' dir='ltr'>defluet</span> <span class='ocrx_word' id='word_1_214' title='bbox 531 1960 582 1988; x_wconf 87' lang='lat' dir='ltr'>ex</span> <span class='ocrx_word' id='word_1_215' title='bbox 600 1948 794 1989; x_wconf 88' lang='lat' dir='ltr'>cumiculo</span> <span class='ocrx_word' id='word_1_216' title='bbox 810 1948 840 1989; x_wconf 88' lang='lat' dir='ltr'>F</span> <span class='ocrx_word' id='word_1_217' title='bbox 859 1946 898 1991; x_wconf 93' lang='lat' dir='ltr'>G</span> <span class='ocrx_word' id='word_1_218' title='bbox 919 1981 929 2001; x_wconf 82' lang='lat'>,</span> <span class='ocrx_word' id='word_1_219' title='bbox 955 1948 1064 2001; x_wconf 87' lang='lat' dir='ltr'>eique</span> <span class='ocrx_word' id='word_1_220' title='bbox 1085 1946 1256 1987; x_wconf 88' lang='lat' dir='ltr'>succedet</span> <span class='ocrx_word' id='word_1_221' title='bbox 1273 1955 1450 1986; x_wconf 77' lang='lat' dir='ltr'>externus</span> <span class='ocrx_word' id='word_1_222' title='bbox 1471 1959 1481 1999; x_wconf 83' lang='lat'>·,</span> <span class='ocrx_word' id='word_1_223' title='bbox 1520 1946 1581 2000; x_wconf 93' lang='lat' dir='ltr'>qui</span> <span class='ocrx_word' id='word_1_224' title='bbox 1598 1955 1683 1986; x_wconf 85' lang='lat' dir='ltr'>tan·</span> 
     </span>
     <span class='ocr_line' id='line_1_28' title="bbox 374 2008 1681 2064; baseline 0.001 -15"><span class='ocrx_word' id='word_1_225' title='bbox 374 2011 466 2050; x_wconf 89' lang='lat' dir='ltr'>dem</span> <span class='ocrx_word' id='word_1_226' title='bbox 492 2010 725 2064; x_wconf 85' lang='lat' dir='ltr'>refrigeratus</span> <span class='ocrx_word' id='word_1_227' title='bbox 749 2012 805 2061; x_wconf 66' lang='grc' dir='ltr'>(ξ.</span> <span class='ocrx_word' id='word_1_228' title='bbox 834 2017 928 2063; x_wconf 86' lang='lat'>12.)</span> <span class='ocrx_word' id='word_1_229' title='bbox 954 2012 991 2051; x_wconf 91' lang='lat' dir='ltr'>in</span> <span class='ocrx_word' id='word_1_230' title='bbox 1010 2020 1164 2064; x_wconf 86' lang='lat' dir='ltr'>puteum</span> <span class='ocrx_word' id='word_1_231' title='bbox 1189 2008 1229 2051; x_wconf 89' lang='lat' dir='ltr'>G</span> <span class='ocrx_word' id='word_1_232' title='bbox 1248 2009 1281 2050; x_wconf 90' lang='lat' dir='ltr'>K</span> <span class='ocrx_word' id='word_1_233' title='bbox 1299 2009 1453 2061; x_wconf 87' lang='lat' dir='ltr'>influet,</span> <span class='ocrx_word' id='word_1_234' title='bbox 1488 2018 1527 2049; x_wconf 85' lang='lat' dir='ltr'>et</span> <span class='ocrx_word' id='word_1_235' title='bbox 1542 2009 1681 2050; x_wconf 75' lang='lat' dir='ltr'>fiiblato</span> 
     </span>
    </p>
   </div>
   <div class='ocr_carea' id='block_1_7' title="bbox 373 2072 1678 2177">
    <p class='ocr_par' dir='ltr' id='par_1_7' title="bbox 373 2072 1678 2177">
     <span class='ocr_line' id='line_1_29' title="bbox 373 2072 1678 2132; baseline -0.001 -18"><span class='ocrx_word' id='word_1_236' title='bbox 373 2073 514 2116; x_wconf 86' lang='lat' dir='ltr'>iterum</span> <span class='ocrx_word' id='word_1_237' title='bbox 544 2075 764 2129; x_wconf 79' lang='lat' dir='ltr'>aequilibrio</span> <span class='ocrx_word' id='word_1_238' title='bbox 796 2089 868 2132; x_wconf 86' lang='lat' dir='ltr'>per</span> <span class='ocrx_word' id='word_1_239' title='bbox 905 2074 1124 2116; x_wconf 86' lang='lat' dir='ltr'>cuniculum</span> <span class='ocrx_word' id='word_1_240' title='bbox 1167 2074 1203 2115; x_wconf 84' lang='lat' dir='ltr'>H</span> <span class='ocrx_word' id='word_1_241' title='bbox 1223 2072 1259 2115; x_wconf 87' lang='lat' dir='ltr'>K</span> <span class='ocrx_word' id='word_1_242' title='bbox 1302 2072 1397 2113; x_wconf 73' lang='lat' dir='ltr'>foras</span> <span class='ocrx_word' id='word_1_243' title='bbox 1438 2073 1678 2127; x_wconf 81' lang='lat' dir='ltr'>egredietur;</span> 
     </span>
     <span class='ocr_line' id='line_1_30' title="bbox 1638 2145 1678 2177; baseline 0.025 -1"><span class='ocrx_word' id='word_1_244' title='bbox 1638 2145 1678 2177; x_wconf 92' lang='lat' dir='ltr'>et</span> 
     </span>
    </p>
   </div>
  </div>
 </body>
</html>
