1820 2506
215 174 351 222 OVIS
380 175 489 220 PRO
522 169 1041 219 HERMAPHRODITO
1073 171 1279 220 HABITI
1320 184 1409 227 327

246 290 367 345 Supra
398 291 589 332 decursum
625 289 761 331 offium
794 289 901 344 pubis
919 323 930 343 ,
962 291 1009 330 ad
1040 290 1155 331 latera
1187 290 1385 343 inguinum
1405 321 1418 341 ,

101 355 404 409 conspiciebatur
436 356 481 395 ab
514 366 672 409 Vtraque
706 365 813 408 parte
844 354 1009 408 papilla,
1045 365 1082 395 et
1115 355 1222 394 iuxta
1264 353 1362 393 hanc
1397 365 1419 393 a

100 419 218 461 latere
255 430 417 460 externo
436 453 447 472 ,
484 421 580 460 cutis
629 419 729 473 quasi
768 419 901 460 leuiter
933 418 1123 472 persanata
1140 452 1150 470 ,
1184 419 1288 472 quod
1321 417 1420 458 fora-

102 496 196 525 men
226 485 472 525 rotundulum
490 517 501 536 ,
535 496 694 524 caecum
729 493 861 523 tamen
879 516 889 535 ,
925 495 1026 524 mox
1051 483 1252 522 finiebatur
1269 515 1281 534 ,
1314 482 1419 536 capi-

102 549 227 589 tulum
273 561 359 588 acus
406 549 604 588 maximae
645 549 796 588 circiter
837 547 1074 601 admittens3
1113 547 1256 587 ibidem
1292 559 1388 587 vero
1408 577 1420 598 ,

103 621 142 651 et
177 613 329 665 inguina
347 611 482 663 versus,
517 614 711 665 Vtrimque
730 612 851 651 menas
870 612 1101 665 percipiebat
1131 623 1270 664 corpus
1288 613 1420 662 Quale,

103 676 312 716 rotundum
330 707 341 727 ,
382 675 521 716 durum
541 708 551 727 ,
595 675 741 715 mobile
788 674 913 716 versus
955 677 1113 716 annulos
1162 674 1424 715 musculorum

106 739 404 779 abdominalium
425 771 436 790 ,
469 748 508 779 et
538 738 602 780 sub
635 749 722 779 cute
755 739 888 779 fluxile
905 772 916 791 ,
959 740 1063 794 quod
1097 740 1222 780 statim
1264 748 1426 793 propter

105 801 266 855 figuram
299 803 451 843 testium
471 837 482 855 ,
516 803 822 857 epididymidum
834 836 845 855 ,
863 803 1038 844 vasorum
1056 805 1251 844 dictorum
1268 815 1428 856 praepa-

104 867 270 906 rantium
321 877 359 907 et
407 867 659 908 deferentium
708 866 860 908 fiiniculi
889 901 900 920 ‚
953 869 1081 920 digitis
1120 868 1396 919 distiguendam
1413 896 1427 916 ‚

104 930 239 970 testem
290 940 494 985 Vtrumque
535 945 627 971 cum
676 929 747 970 suis
779 931 874 971 vasis
905 930 1123 984 suspicabar.
1189 931 1280 986 Qua
1313 931 1353 969 in
1385 940 1428 969 re

103 1004 149 1034 vt
184 995 326 1035 certior
358 994 496 1047 effem,
529 996 648 1035 cutim
666 994 785 1035 lucidi
802 1027 814 1046 ,
848 1004 888 1034 et
918 995 1067 1046 inueni,
1101 995 1141 1035 in
1173 1004 1338 1048 vtroque
1371 993 1427 1033 in-

104 1059 217 1112 guine
235 1091 246 1111 ‚
279 1058 378 1099 bene
409 1058 620 1100 formatum
653 1059 792 1100 testem
830 1071 924 1098 cum
955 1058 1020 1099 fiio
1051 1058 1220 1099 fimiculo
1251 1056 1429 1099 vasorum

104 1124 411 1175 praeparantium
444 1132 483 1161 et
513 1122 766 1162 deferentium
799 1131 910 1161 extra
942 1122 1132 1162 abdomen
1173 1122 1328 1162 haerere
1344 1153 1355 1172 ‚
1390 1129 1431 1161 et

109 1195 188 1225 erat
238 1187 277 1224 in
317 1186 618 1226 abdominalium
669 1184 925 1226 musculorum
962 1197 1070 1239 parte
1102 1186 1236 1226 infima
1274 1185 1430 1225 annulus

108 1248 230 1289 distas
260 1249 427 1302 perfecte
445 1283 456 1302 ,
490 1259 535 1290 vt
566 1249 662 1290 solet
695 1247 797 1301 esse,
832 1250 1010 1290 naturalis
1048 1262 1070 1289 a
1105 1249 1232 1291 fifl‘ura
1267 1250 1433 1289 tendinis

107 1313 254 1367 obliqui
285 1314 435 1354 externi
464 1323 578 1367 atque
610 1326 722 1354 carne
755 1313 911 1354 musculi
944 1314 1111 1366 interni,
1146 1315 1251 1355 vnde
1282 1313 1432 1353 orieba-

109 1384 171 1417 tur
193 1408 203 1428 ,
239 1377 362 1431 sparsis
393 1377 497 1418 fibris
528 1379 672 1419 carneis
690 1411 701 1431 ‚
743 1378 947 1419 cremaster
984 1378 1228 1431 validissimus
1245 1412 1256 1431 ,
1288 1376 1433 1418 funicu-

109 1440 189 1481 lum
240 1442 556 1495 spermaticorum
596 1443 773 1483 vasorum
807 1443 988 1484 ambiens.
1046 1443 1102 1483 Vt
1133 1457 1205 1498 per
1234 1443 1336 1483 hunc
1369 1454 1437 1481 an-

109 1505 242 1544 nulum
286 1505 370 1545 vasa
410 1507 567 1546 exibant
585 1539 596 1558 ,
639 1507 692 1546 ita
733 1506 936 1547 deferentia
970 1507 1172 1559 redibant,
1205 1516 1320 1560 atque
1354 1516 1436 1545 tam

110 1568 198 1609 laxe
230 1568 309 1609 hoc
340 1570 431 1610 Ioco
470 1570 579 1610 testes
619 1569 822 1610 haerebant
862 1569 925 1610 sub
957 1580 1045 1610 cute
1085 1571 1258 1612 striecore
1275 1603 1286 1623 ‚
1330 1579 1376 1609 vt
1409 1569 1437 1610 fi

110 1632 269 1673 naturali
311 1633 404 1673 loco
442 1633 610 1675 strotum
656 1632 826 1674 adfuisset
844 1667 855 1686 ,
913 1633 1025 1674 filcile
1075 1636 1115 1675 in
1166 1635 1258 1675 illud
1307 1633 1439 1687 dilapfi

111 1695 261 1738 fiiifl‘ent
278 1730 290 1749 ,
331 1698 409 1738 iam
451 1699 554 1739 enim
579 1731 590 1751 ‚
633 1707 722 1738 cute
756 1698 870 1738 incisa
891 1731 903 1750 ,
936 1697 1004 1738 suis
1046 1699 1206 1739 inuoluti
1245 1698 1439 1738 membra-

114 1761 170 1800 nis
220 1760 354 1813 sponte
376 1793 387 1811 ,
436 1762 514 1802 fine
553 1764 595 1802 vi
635 1761 804 1802 adhibita
825 1795 836 1815 ,
877 1761 993 1817 vsque
1034 1763 1081 1803 ad
1114 1764 1334 1817 perinaeiun
1353 1794 1364 1814 ,
1399 1771 1441 1802 et

114 1823 178 1864 sub
210 1824 377 1864 mentula
410 1826 722 1866 extendebantur.

265 1888 418 1941 Aperto
451 1889 565 1943 igitur
595 1889 801 1929 abdomine
821 1922 832 1942 ,
867 1890 996 1930 exemi
1030 1903 1169 1931 omnes
1201 1900 1325 1944 partes
1358 1890 1442 1945 pel-

116 1952 158 1991 vi
176 1961 374 1992 contentas
389 1965 465 1993 vna
483 1966 576 1994 cum
597 1952 885 1994 adhaerentibus
913 1956 1131 2007 genitalibus
1149 1957 1328 2007 externis,
1365 1968 1443 1996 ano

117 2024 155 2055 et
189 2016 304 2056 cauda
321 2048 332 2067 ,
366 2026 522 2071 tumque
555 2016 826 2058 accuratissime
857 2020 1097 2072 examinaui,
1131 2032 1200 2059 nec
1235 2012 1356 2061 vllum
1384 2021 1444 2060 in-

118 2080 208 2119 veni
224 2080 264 2121 in
280 2080 435 2122 internis
449 2082 767 2136 praeternaturale
783 2081 1091 2136 phaenomenon
1106 2084 1332 2125 notandum.
1365 2084 1448 2124 Vas

1385 2147 1434 2187 de
