1820 2506
691 138 726 190 3(
770 148 828 193 45
864 138 896 192 )(

87 252 90 255 ”
143 256 224 297 duo
255 253 446 309 sequentia
476 249 597 295 soluta
612 284 614 286 -
628 251 787 294 exhibet
819 251 1063 307 problemata
1081 285 1092 306 ‚
1126 251 1290 295 alterum
1312 284 1324 307 ‚
1359 254 1460 299 datis

141 319 284 362 duabus
315 319 505 361 diametris
538 319 739 372 coniugatis
776 314 935 374 ellipfhos
952 319 1110 359 inuenire
1127 330 1220 360 axes
1241 350 1253 369 ‚
1290 327 1331 358 et
1363 321 1460 360 alte-

142 397 230 426 rum
271 383 367 426 data
407 396 485 426 vna
527 384 782 426 diametrorum
821 384 1064 436 conicgatione
1106 383 1266 425 inuenire
1297 383 1460 426 alteram

127 445 202 506 sub
234 448 366 504 angulo
407 450 529 504 quouis
569 448 670 489 dato.
733 445 940 501 SpecIatim
980 457 1108 488 autem
1150 448 1251 488 circa
1286 450 1458 502 primurn

154 523 283 566 notat,
320 513 522 566 problema
539 511 637 563 hoc,
655 512 683 552 fi
701 521 850 564 praeter
883 511 1090 552 diametros
1122 513 1340 565 coniugatas
1360 512 1462 565 peri-

143 587 272 619 meter
331 577 441 616 detur
469 608 480 628 ,
539 575 647 615 facile
706 575 805 615 solui
866 574 975 628 poffe
1001 609 1012 629 ,
1071 577 1201 629 prouti
1251 576 1460 631 Apollonius

66 671 69 675 .
141 653 260 696 prop,
322 643 384 690 46
434 648 474 679 et
523 647 582 689 47
639 638 724 679 libr.
778 637 833 679 ΙΙ.
896 639 1027 681 fecerit
1068 654 1075 680 :
1139 640 1271 693 quodsi
1328 651 1458 687 autem

141 717 223 745 non
272 704 357 744 data
404 703 452 745 fit
478 735 489 755 ‚
540 703 670 756 prouti
721 701 871 743 obtinet
897 735 907 755 ‚
963 713 1052 743 tunc
1103 703 1330 745 solutionem
1390 705 1461 745 dif-

139 767 344 809 ficiliorem
380 767 473 808 fore.
541 767 703 808 Interim
748 779 828 807 non
861 777 972 819 negat
1005 768 1332 810 constructionem
1352 768 1461 809 huius

139 832 390 886 problematis
440 832 516 871 iam
567 832 608 870 in
658 831 781 885 Pappz·
830 830 979 872 exstare
1021 832 1310 873 collec‘tionibus
1343 865 1353 884 ,
1396 833 1458 874 sed

136 896 274 950 absque
304 895 633 937 demonstratione
651 927 662 947 ,
697 907 810 949 quam
844 893 883 936 F
882 895 963 935 red.
997 896 1279 938 Commandinus
1310 896 1460 949 supple-

137 972 179 1001 re
211 960 310 1000 haud
344 961 502 1001 feliciter
534 968 692 1000 conatus
725 959 769 1000 fit
787 991 798 1010 ,
830 958 1047 1000 testantibus
1078 960 1179 1014 Grcg
1227 973 1253 1001 a
1285 960 1342 1001 St.
1362 961 1404 1000 V
1402 962 1459 1001 in-

136 1026 251 1066 centio
283 1034 321 1065 et
352 1023 533 1066 Blondello
549 1056 560 1075 ‚
596 1024 659 1077 qui
693 1023 734 1063 in
754 1020 916 1063 Comm.
939 1023 1060 1064 Acad.
1082 1025 1181 1078 Reg.
1200 1022 1346 1065 Scient.
1364 1023 1459 1067 Gal-

138 1088 217 1129 lico
250 1089 432 1130 idiomate
466 1089 512 1129 ab
544 1087 628 1128 Ao,
669 1091 782 1126 1666
800 1109 842 1114 —
866 1092 982 1138 1699
1016 1089 1125 1129 editis
1158 1088 1260 1128 idern
1288 1088 1455 1130 solutum

137 1152 283 1193 dederit
300 1186 311 1206 ‚
344 1166 433 1193 cum
466 1152 597 1207 quibus
630 1151 857 1193 conferenda
890 1152 962 1193 fint
981 1185 991 1205 ,
1026 1166 1121 1206 qnae
1156 1151 1339 1193 Man-hio
1356 1153 1455 1194 Hos-

131 1216 285 1273 pitalius
326 1217 366 1258 in
405 1216 488 1260 libr.
530 1215 585 1258 11.
630 1229 745 1272 prop.
789 1215 843 1258 ΙΙ.
889 1215 1104 1258 sectionum
1140 1218 1360 1259 conicarum
1393 1217 1456 1259 ad-

133 1280 279 1324 tulerit.

252 1397 414 1440 Interim
453 1396 574 1451 sperat
617 1392 678 1436 Cl.
722 1395 859 1438 auctor
900 1396 926 1437 fi
969 1397 1028 1437 cui
1070 1396 1285 1451 placuerit,
1320 1410 1457 1439 omnes

132 1461 202 1505 has
233 1462 577 1503 demonstrationes
610 1462 650 1501 V
648 1463 794 1502 incentis·
812 1492 822 1512 ,
858 1461 1029 1502 Blondellz·
1063 1471 1101 1501 et
1135 1459 1348 1517 Hrgspitczlii‚
1367 1475 1457 1503 cum

134 1527 200 1569 illa
232 1539 350 1581 quam
385 1525 448 1566 hic
480 1525 641 1576 dederit,
661 1537 885 1578 comparare
903 1558 915 1578 ‚
948 1526 1057 1566 illum
1092 1526 1350 1578 inuenturum,
1369 1538 1456 1566 eam

131 1591 289 1646 reliquas
319 1600 361 1631 et
392 1589 651 1630 concinnitate
683 1587 854 1644 superare
896 1598 936 1630 et
969 1589 1169 1631 euidentia.

134 1734 181 1772 G.
206 1733 268 1772 W.
293 1731 520 1773 KRAFFTII
553 1730 1018 1770 DEMONSTRATIONES
1049 1731 1265 1770 DVORVM
1294 1731 1457 1771 THEO-

436 1798 685 1838 REMATVM
709 1798 1154 1839 GEOMETRICORVM.

136 1901 479 2020 Consueuerunt
512 1913 588 1955 iam
621 1913 686 1955 diu
720 1913 839 1968 primi
874 1913 1018 1954 ordinis
1036 1911 1277 1955 Geometrae
1296 1945 1307 1965 ‚
1340 1914 1459 1956 fino-

218 1987 229 2004 ·
265 1989 353 2018 vam
399 1979 587 2031 quandam
638 1977 1011 2019 demonstrationem
1065 1977 1234 2017 veritatis
1269 1978 1457 2021 cuiusdam

130 2041 356 2083 inuenerunt
388 2040 661 2085 Geometricae
680 2075 692 2097 ‚
725 2040 1038 2097 propositionem
1081 2041 1201 2097 ipsam
1236 2053 1328 2083 cum
1362 2046 1460 2085 ami-

757 2106 782 2145 f
793 2115 816 2155 3
1402 2108 1457 2149 cis
