1820 2506
148 158 191 203 A
208 156 485 203 PRINCIPIO
499 153 699 203 MOTVS
717 152 986 203 INTERNO
1008 155 1240 202 PROPEL.
1259 157 1344 209 εργζ
1382 172 1401 199 x
1415 172 1463 198 11

151 277 363 331 reperiatur
381 309 392 329 ,
427 288 550 331 eoque
583 276 741 317 viuente
772 288 968 332 nunquam
998 275 1044 318 fit
1077 275 1277 330 diuulgata.
1345 276 1468 319 Mini-

153 353 218 383 me
255 350 384 381 autem
428 339 626 395 probabile
673 340 825 382 videtur
842 374 854 394 ‚
903 340 1043 382 Virum
1084 340 1195 380 beate
1245 338 1469 382 deffinitum

152 413 303 446 tantum
336 406 535 446 inuentum
568 404 672 458 quod
704 414 807 446 certe
839 404 1018 447 omnibus
1058 403 1211 458 reliquis
1254 404 1367 459 ipfius
1409 405 1472 445 in·

123 507 132 514 ,
155 469 282 509 ventis
300 501 310 521 ‚
345 468 488 509 etiamsi
521 469 592 510 fint
623 469 800 510 maxima
819 502 831 521 ,
864 469 1035 524 palmam
1068 468 1184 522 longe
1214 469 1470 524 praeriperet,

153 531 366 574 ,celaturum
384 583 386 585 ‚
407 532 526 586 fuiffe‚
568 533 637 575 nisi
680 533 728 574 de
767 532 866 573 felici
898 530 1062 574 fiiccefl‘u
1104 532 1181 586 ipse
1214 531 1468 573 dubitauiffet.

154 595 421 652 Quamobrem
454 597 482 637 fi
515 596 829 636 demonstrauero
870 595 1088 638 huiusmodi
1132 586 1292 650 penduli
1333 597 1470 638 ictibus

154 661 242 700 naui
276 659 424 699 nullum
457 659 607 713 prorsus
640 668 795 699 motum
813 660 986 712 imprimi
1005 694 1016 713 ,
1051 659 1148 702 nihil
1183 661 1386 716 quicquam
1421 661 1470 702 de

155 723 262 764 laude
295 735 338 763 ac
369 724 516 763 meritis
548 724 685 764 summi
718 722 829 763 huius
862 724 948 764 Viri
988 723 1206 765 detrahetur
1222 757 1233 778 ‚
1276 738 1366 766 cum
1407 725 1469 779 ip-

154 786 190 828 se
232 787 357 841 quoad
399 787 545 828 vixerit
562 820 573 840 ‚
608 787 730 841 probe
763 788 907 828 cauerit
931 821 942 842 ‚
977 800 1026 829 ne
1056 789 1258 829 meditatio
1292 789 1469 830 nondum

157 850 240 892 satis
270 849 396 904 polita
427 851 469 891 in
503 851 700 906 publicum
734 852 1036 905 protruderetur.

272 915 307 963 §.
333 926 401 954 10.
436 913 480 956 Si
513 917 626 969 igitur
657 914 839 955 effectum
873 914 1093 956 huiusmodi
1126 914 1284 968 penduli
1317 915 1467 956 iecuum

154 977 379 1032 inuestigare
413 979 576 1020 velimus
594 1011 605 1031 ‚
639 980 812 1032 primum
830 979 924 1018 dum
941 977 1156 1032 pendulum
1180 991 1251 1032 per
1283 980 1468 1034 quadran-

156 1049 239 1083 tem
256 1039 378 1084 BMC
395 1042 583 1084 descendit
594 1075 605 1094 ‚
622 1052 805 1097 quantum
824 1043 928 1084 nauis
945 1042 992 1083 ab
1009 1055 1057 1083 eo
1074 1052 1180 1082 retro
1190 1053 1385 1097 vrgeatur‚
1403 1044 1471 1084 de-

156 1105 268 1148 finire
283 1106 522 1160 debebimus,
541 1107 680 1148 deinde
696 1106 773 1160 ipse
787 1106 885 1147 iCtus
901 1108 974 1147 erit
989 1106 1298 1160 confiderandus‚
1317 1120 1395 1162 quo
1403 1120 1471 1148 na·-

157 1170 214 1211 uis
230 1170 461 1224 propellitur
477 1181 706 1225 motumque
722 1170 787 1224 qui
805 1171 890 1211 naui
909 1183 1066 1225 proram
1086 1169 1208 1211 versus
1224 1171 1315 1211 inde
1333 1172 1470 1225 impri-

157 1233 275 1275 mitur
291 1234 427 1275 exacste
442 1234 686 1275 determinari
696 1234 905 1287 oportebit.
941 1234 1124 1289 Denique
1143 1246 1233 1274 cum
1259 1233 1323 1276 hic
1339 1245 1470 1276 motus

157 1310 179 1337 a
195 1296 371 1351 sequente
386 1297 473 1352 post
489 1298 743 1339 reflexionem
763 1297 910 1338 ascensu
930 1299 1069 1338 iterum
1085 1298 1312 1350 retardetur,
1334 1299 1470 1339 viden-

158 1361 250 1402 dum
266 1362 358 1414 erit,
379 1371 510 1402 vtrum
528 1363 651 1414 nauis,
671 1361 871 1415 postquam
889 1361 1096 1415 pendulum
1114 1359 1329 1415 adBvsque
1337 1362 1391 1402 est
1409 1374 1452 1403 re

158 1424 304 1465 uersum
322 1435 474 1466 motum
490 1425 626 1466 habeat
640 1425 829 1478 reliquum
848 1425 1058 1466 antrorsum
1076 1423 1283 1478 directum,
1304 1438 1375 1465 nec
1392 1439 1442 1467 ne
1460 1459 1472 1480 ‚

159 1498 200 1528 et
216 1498 374 1542 quantus
389 1490 418 1529 is
434 1489 478 1529 fit
493 1490 645 1530 fiiturus.
714 1489 860 1544 Quodsi
876 1490 979 1528 enim
1005 1489 1127 1540 nauis,
1147 1500 1237 1529 cum
1261 1489 1374 1529 initio
1402 1491 1471 1530 de-

159 1551 300 1592 scensus
332 1551 557 1606 quieuifl‘et‚
582 1553 669 1607 post
701 1552 855 1592 finitum
887 1552 1076 1592 ascensum
1101 1554 1241 1593 iterum
1259 1554 1300 1592 in
1333 1554 1469 1596 statum

160 1616 297 1670 quietis
336 1617 530 1670 redigatur
555 1651 565 1670 ‚
609 1617 733 1671 sicque
774 1616 886 1656 initio
926 1616 1077 1657 secundi
1118 1616 1310 1657 descensus
1343 1618 1470 1659 denuo

161 1679 201 1719 in
236 1681 362 1734 quiete
398 1681 567 1722 versetur
584 1714 594 1733 ‚
630 1682 788 1722 dubium
823 1680 895 1720 erit
928 1679 1076 1721 nullum
1095 1713 1105 1732 ,
1141 1681 1232 1735 quin
1251 1682 1356 1721 nauis
1382 1695 1471 1735 per-

161 1753 283 1797 petuo
316 1745 355 1784 in
390 1746 532 1786 eodem
566 1745 643 1786 fere
677 1746 769 1786 loco
802 1744 847 1785 sit
880 1745 1117 1797 permansura
1143 1776 1153 1796 ,
1189 1746 1240 1784 ita
1281 1755 1326 1785 vt
1367 1755 1472 1787 totus

162 1807 319 1860 penduli
353 1807 507 1849 effeetus
540 1811 579 1849 in
613 1810 763 1850 alternis
803 1808 1122 1862 progressionibus
1148 1818 1187 1847 et
1234 1808 1472 1862 regreffioni-

165 1871 291 1923 nibus,
326 1885 421 1925 quae
455 1873 489 1913 se
504 1884 641 1914 mutuo
660 1874 795 1914 exaCte
813 1873 1003 1913 destruant
1022 1906 1032 1924 ,
1066 1873 1321 1913 consumatur.
1387 1873 1472 1915 De-

166 1936 387 1975 terminatio
436 1947 564 1977 autem
605 1937 715 1977 huius
754 1946 882 1977 motus
926 1937 1116 1989 reciproci
1144 1969 1154 1987 ,
1189 1935 1216 1976 fi
1249 1937 1474 1978 refistentiae

167 2010 282 2051 aquae
314 2001 501 2041 rationem
519 2001 659 2041 habere
692 2000 927 2041 voluerimus
944 2032 954 2050 ,
989 2000 1160 2040 maxime
1193 1999 1303 2040 fieret
1336 2002 1480 2042 diffici-

167 2062 212 2119 lis
231 2094 242 2115 ,
276 2074 401 2116 neque
439 2065 516 2107 sine
551 2065 695 2107 calculo
726 2063 989 2107 molestissimo
1007 2064 1183 2120 expediri
1216 2061 1355 2120 poss‘et.

1343 2130 1376 2179 ξ,
1403 2142 1475 2170 11.
