1820 2506
392 175 488 218 450
634 164 716 208 DE
750 162 1159 208 ABERRATIONE
1191 165 1469 212 FIXARVM

511 284 568 327 Et
602 285 738 326 deinde
770 282 836 323 fiat

584 350 645 391 Vt
666 349 772 404 fimes
810 353 904 388 totus
925 379 938 402 ‚

585 413 656 455 Ad
680 414 795 466 finum
827 417 937 467 6003

581 477 651 519 Ita
684 477 856 518 maxima
889 476 1077 518 aberratio

589 541 659 582 Ad
692 541 961 583 aberrationem
999 549 1067 595 pro
1098 543 1188 579 600.

514 600 654 659 Sicque
671 603 875 645 'aberratio
919 618 992 659 pro
1030 605 1184 657 singulis
1220 606 1411 647 menfibus
1453 606 1712 651 determinata

511 670 611 710 erit:
646 682 742 723 quae
774 669 904 723 postea
940 668 1144 723 aequaliter
1176 669 1342 711 distribui
1374 671 1515 724 potest.

394 745 477 785 Aut
516 745 544 785 fi
576 744 695 785 mauis
736 743 873 784 adhibe
914 743 1131 797 sequentem
1173 743 1386 798 analogiam
1427 758 1500 798 pro
1539 746 1716 788 determi-

393 809 517 849 nanda
561 809 770 863 quantitate
812 808 1073 848 declinationis
1105 808 1240 861 quouis
1281 818 1459 862 tempore
1492 810 1594 850 dato.

510 884 664 941 Quaere
696 883 975 935 longitudinem
1014 882 1098 922 solis
1131 892 1205 935 pro
1237 881 1304 922 illo
1340 891 1520 935 tempore
1545 896 1619 937 pro
1636 894 1716 938 quo

513 948 621 998 cupis
660 946 929 985 declinationis
968 945 1244 985 aberrationem
1293 945 1573 987 determinare:
1618 946 1715 988 Sub-

511 1008 624 1049 trahe
656 1007 762 1048 illam
808 1020 829 1048 a
870 1008 1112 1061 longitudine
1150 1006 1276 1047 stellae
1310 1009 1489 1049 inuentae
1507 1043 1518 1061 ,
1564 1011 1716 1063 quando

513 1073 706 1114 aberratio
742 1072 1007 1110 declinationis
1039 1071 1094 1110 est
1125 1070 1229 1109 nulla
1247 1101 1259 1120 ,
1291 1070 1389 1113 haec
1419 1072 1628 1114 differentia
1645 1086 1716 1128 ap-

513 1136 677 1189 pelletur
716 1132 773 1174 D.

398 1194 504 1239 Inser
575 1199 632 1240 Vt
668 1195 793 1237 radius
811 1229 823 1249 ,

587 1261 659 1304 Ad
673 1262 796 1316 finum
830 1273 944 1303 arctes
980 1261 1045 1302 D:

583 1325 647 1367 Ita
679 1329 846 1368 maxima
879 1327 1070 1367 aberratio
1100 1326 1138 1367 in
1176 1326 1416 1368 declinatione
1433 1359 1447 1379 ,

586 1390 660 1433 Ad
694 1389 971 1433 aberrationem
999 1397 1160 1446 tempore
1192 1393 1291 1433 dato.

400 1464 431 1523 ε)
465 1466 617 1521 Regula
648 1479 724 1523 pro
755 1468 994 1508 aberratione
1032 1466 1137 1507 fixae
1169 1468 1241 1507 rite
1280 1463 1516 1520 applicanda,

777 1528 986 1571 (Maxima
1019 1530 1206 1571 aberratio
1236 1531 1361 1571 stellae
1379 1563 1389 1582 ‚
1421 1527 1547 1569 versus
1577 1526 1713 1580 polum

784 1575 792 1615 ι
865 1594 1028 1634 boreum
1063 1594 1277 1647 appellatur
1308 1593 1357 1634 E.
1390 1593 1416 1634 s.
1438 1592 1651 1645 Εἰοηώσαῐὶο,
1677 1599 1716 1631 et

403 1652 444 1698 Si
463 1656 624 1698 latitudo
641 1619 791 1697 stellaef
867 1656 922 1696 est
962 1656 1221 1698 subtrahenda.

519 1721 681 1762 borealis
772 1698 978 1760 {Maxima
1018 1720 1207 1759 aberratio
1252 1719 1375 1760 stellae
1414 1718 1538 1758 versus
1575 1717 1712 1770 polum

783 1741 793 1822 Ι
865 1783 1059 1824 australem
1093 1783 1304 1836 appellatur
1335 1782 1388 1822 A.
1425 1782 1500 1822 slue
1519 1781 1711 1838 Approxi-

776 1824 797 1908 ιι,
863 1848 977 1888 matio
1010 1855 1048 1887 et
1081 1847 1155 1885 erit
1179 1846 1362 1886 addenda.

815 1905 1021 1953 (Maxima
1046 1910 1230 1950 aberratio
1256 1909 1380 1950 versus
1396 1907 1561 1947 austrum
1580 1906 1713 1948 dicitur

899 1975 936 2016 E
961 1975 1036 2017 siue
1069 1973 1282 2027 Elongatio,
1316 1981 1354 2012 et
1371 1971 1423 2011 est
1455 1970 1710 2011 subtrahenda.

841 2040 1019 2081 Maxima
1045 2038 1164 2079 aberr.
1185 2036 1310 2077 versus
1326 2035 1483 2075 boream
1501 2033 1713 2088 appellatur

812 2098 841 2159 ζ,
899 2105 952 2145 Α.
972 2103 1048 2144 fine
1066 2102 1366 2156 Approxinmtm,
1385 2109 1423 2140 et
1442 2100 1513 2140 erit
1531 2097 1712 2203 adlcxlffnda.

1570 2192 1572 2194 .
1620 2172 1714 2199 anua

404 2005 448 2051 Si
466 2007 622 2050 latitudo
640 2007 803 2050 australis
