1820 2506
365 179 455 221 aso
856 163 966 226 aa}
1038 178 1068 208 0
1103 162 1246 226 aaa«

684 284 1024 331 TENTAMEN
1064 284 1362 331 THEORIAE

507 356 632 420 DE·
675 359 758 419 Vl
810 356 1038 418 AERIS
1090 356 1501 449 ELASTlCA
1525 404 1543 433 ‚

915 471 1153 510 AVCTORE

791 536 987 581 Michaele
1027 533 1262 594 Lomonosow.

972 667 1009 717 ς.
1049 679 1088 706 1.

367 730 619 848 Postquam
657 741 799 783 antliae
839 743 1108 797 pneumaticae
1155 740 1241 783 vsus
1288 742 1455 784 innotuit
1479 776 1492 796 ‚
1548 743 1694 786 mirum

478 816 666 861 quantum
697 806 849 847 scientia
882 806 1057 847 naturalis
1077 806 1185 860 cepit
1209 807 1488 849 incrementum
1507 840 1518 860 ,
1550 821 1595 849 ea
1622 817 1695 862 po·

371 868 552 913 tiffimum
585 880 693 925 parte
711 903 723 923 ‚
756 883 853 925 quae
890 871 938 911 de
971 880 1102 911 natura
1142 870 1237 910 aeris
1268 871 1484 912 docuinam
1517 873 1696 927 comple-

370 933 502 975 &itun
567 935 822 988 Proprietates
852 935 958 974 enim
988 934 1086 974 illius
1103 965 1113 984 ,
1149 946 1246 987 quae
1280 943 1367 992 ante
1399 935 1565 977 seculum
1584 948 1693 991 pror-

369 996 428 1039 sus
460 999 615 1052 ignotae
646 996 794 1039 fuerant
812 1031 823 1050 ‚
858 999 936 1038 iam
969 997 1086 1045 hodie
1119 1008 1198 1036 non
1233 996 1355 1039 solum
1388 1001 1558 1053 cognitas
1582 1001 1696 1041 habe

373 1074 459 1103 mus
478 1095 489 1114 ,
524 1074 664 1102 verum
699 1063 813 1102 etiam
848 1060 1129 1102 mathematicis
1161 1059 1304 1113 legibus
1343 1062 1518 1104 definitas·
1558 1074 1596 1105 et
1635 1066 1699 1104 in·-

373 1124 527 1165 summo
561 1126 638 1164 fere
670 1123 819 1177 fastigio
852 1124 1046 1164 distindtae
1076 1124 1306 1174 cognitionis
1339 1127 1558 1168 constitutas
1583 1129 1699 1170 mira-

373 1200 476 1228 mur.
543 1187 731 1244 Quamuis
763 1196 893 1228 autem
927 1186 1076 1226 elastica
1110 1185 1189 1226 eius
1220 1187 1278 1226 vis
1311 1185 1454 1241 saepius
1485 1202 1600 1242 quam
1641 1203 1700 1232 re-

373 1265 471 1306 quae
502 1251 755 1306 proprietates
796 1250 895 1291 illius
934 1250 1182 1302 physicorum
1221 1248 1369 1305 scriptis
1410 1251 1643 1307 celebratur,
1662 1264 1702 1297 et

373 1315 529 1357 cuilibet
562 1314 690 1356 forum
721 1315 899 1356 scientiae
930 1312 1107 1356 naturalis
1141 1314 1369 1368 ingredienti
1412 1315 1511 1357 inter
1553 1319 1701 1371 palma-

374 1380 448 1421 rias
481 1391 607 1421 rerum
642 1379 868 1420 naturalium
901 1379 1099 1434 qualitates
1131 1376 1204 1418 sese
1238 1378 1386 1433 offert3
1422 1380 1547 1421 nihilo
1573 1392 1702 1424 tamen

377 1444 504 1486 minus
536 1445 643 1484 causa
674 1443 772 1485 illius
804 1456 885 1484 non
928 1444 1023 1483 dum
1067 1440 1150 1482 satis
1191 1443 1390 1497 perspecta
1432 1443 1592 1486 habetur
1610 1479 1621 1499 ,
1661 1449 1701 1487 in

378 1520 497 1561 eaque
527 1508 754 1560 explicanda
787 1509 904 1547 etiam
941 1507 1149 1547 celebrium
1181 1517 1336 1548 naturae
1371 1507 1618 1550 scrutatorum
1643 1510 1702 1550 in-

379 1572 489 1626 genia
522 1569 625 1611 caffo
656 1570 862 1611 molimine
895 1570 994 1610 torsa
1025 1569 1120 1610 sunt.
1186 1569 1300 1611 Vnde
1330 1571 1530 1624 scriptores
1569 1573 1701 1625 Physi-

380 1636 417 1676 ci
449 1635 662 1694 pleifflnque
695 1634 836 1675 intacta
867 1633 1016 1675 clateris
1048 1632 1154 1675 causa
1188 1634 1227 1674 in
1245 1633 1330 1674 solis
1369 1635 1567 1677 effectibus
1606 1637 1704 1679 illius

380 1698 627 1740 describendis
657 1699 904 1753 acquiescunt.
971 1698 1056 1739 Aut
1094 1697 1186 1752 fiqui
1227 1697 1349 1739 causas
1381 1699 1593 1756 affignant3
1636 1714 1703 1743 eae

380 1772 509 1804 tamen
550 1772 590 1803 et
639 1762 806 1804 inualido
843 1763 942 1817 pede
977 1763 1147 1802 nituntur
1165 1794 1175 1814 ‚
1218 1771 1257 1802 et
1289 1761 1565 1816 phaenomenis
1603 1767 1703 1809 circa

380 1829 567 1868 elaterem
608 1827 702 1867 aeris
743 1826 942 1867 obseruatis
973 1826 1206 1880 explicandis
1239 1838 1319 1865 non
1352 1826 1552 1869 sufficiunt.
1619 1830 1703 1872 Ple-

382 1903 548 1945 rumque
581 1901 708 1932 autem
741 1899 790 1931 eo
822 1890 906 1945 ipso
938 1890 1052 1946 plane
1070 1889 1196 1930 nullae
1213 1889 1295 1930 sunt
1313 1891 1460 1949 ‚quod
1478 1892 1573 1934 nihil
1593 1909 1702 1949 prae-

384 1952 442 1995 t'er
473 1955 732 2010 quaestionem
766 1955 884 2012 ipsam
904 1989 915 2010 ‚
946 1956 1073 1998 verbis
1104 1956 1289 1997 duntaxat
1320 1957 1475 1997 mutatis
1499 1957 1538 1998 in
1554 1957 1590 1999 se
1607 1972 1701 2001 con-

382 2027 542 2061 tineant.

1600 2153 1635 2203 ς.
1659 2165 1697 2193 2.
