1820 2506
193 169 271 216 DF
287 167 429 215 ACTI
429 164 550 215 ONE
557 164 760 212 MENST
756 164 834 210 RV
831 161 990 211 ORvM
992 160 1329 210 CHYMICORV
1326 164 1381 208 M
1413 168 1500 217 265

338 291 377 342 §-
398 298 472 342 47.
508 288 613 331 Aere
653 296 724 343 per
767 298 886 342 poros
935 297 1051 340 aquae
1101 280 1342 325 disseminato
1366 315 1379 336 ,
1429 295 1513 337 par-

191 353 329 397 ticulae
375 365 492 408 aquae
519 386 531 406 ‚
586 353 703 392 aereis
745 349 988 406 interpositae
1014 381 1026 404 ‚
1076 348 1312 402 aliquantum
1357 346 1517 388 rariores

189 419 304 474 sunt·,
354 417 457 474 quod
507 415 676 471 sequenti
721 417 994 469 experimento
1048 411 1338 459 demonstratur.
1404 410 1518 465 Aqua

190 482 383 524 exantlata
423 481 638 523 infundatur
669 479 774 520 vitro
814 479 907 520 colli
945 477 1163 533 angustioris
1180 509 1191 528 ,
1233 475 1371 517 relieto
1409 473 1519 529 super

190 557 234 587 ea
266 544 428 599 spatiolo
460 556 545 585 aere
574 543 706 598 pleno.
774 541 931 584 Collum
964 542 1181 584 obturatum
1224 538 1412 594 operculo
1444 537 1517 579 ob-

189 608 327 650 linatur
374 620 460 649 cem
477 640 489 660 ,
538 619 588 647 ne
626 607 702 646 aeri
742 616 908 651 externo
948 615 1076 660 pateat
1110 604 1231 645 aditus
1249 635 1260 656 ,
1300 602 1388 659 post
1412 602 1516 643 diem

192 684 315 715 vnum
347 681 408 713 aut
436 669 596 711 alteruin
626 681 690 710 aer
720 669 829 725 super
862 683 997 725 aquam
1029 668 1179 710 relietus
1212 679 1298 708 eam
1329 666 1517 722 ingredie-

193 746 256 778 tur
285 745 324 776 et
362 747 429 776 vas
468 746 562 788 aqua
604 732 762 787 plenum
802 734 979 775 reddetur
997 766 1009 786 ‚
1050 741 1161 774 certo
1200 731 1345 772 indicio
1378 740 1517 785 aquam

191 799 239 840 ab
271 811 355 840 aere
387 810 455 852 per
488 809 578 838 eum
595 794 837 839 disseminato
871 798 1041 840 distendi.
1076 794 1280 838 Submerso
1314 796 1428 850 igitur
1462 793 1519 834 sa-

189 862 228 903 le
259 863 299 904 in
332 874 424 916 aqua
442 893 453 914 ,
486 873 572 902 aere
604 859 846 903 disseminato
879 862 1039 916 turgida,
1082 861 1215 902 minor
1246 860 1360 913 copia
1401 857 1515 913 parti-

188 924 356 966 cularum
414 924 524 979 ipfius
572 924 753 965 menstrui
803 924 1040 979 superficiem
1092 920 1172 963 sali‘s
1229 921 1381 974 attingit
1412 952 1425 973 ,
1475 921 1517 961 in

189 1000 349 1044 eamque
381 988 560 1030 remiffius
589 989 699 1041 agit3
731 996 844 1042 atque
875 989 972 1029 adeo
1005 986 1143 1029 solutio
1176 984 1222 1025 fit
1239 984 1395 1026 tardior.

325 1053 359 1102 §.
398 1058 472 1103 48.
524 1051 802 1105 Exposstarum
854 1051 1038 1093 haetenus
1087 1050 1287 1091 aetionum
1314 1080 1326 1101 ,
1378 1047 1515 1103 quibue

189 1114 377 1158 menstrua
407 1116 558 1156 soluunt
590 1127 753 1168 corpora
787 1115 853 1155 fibi
872 1113 1068 1165 immersa,
1099 1115 1271 1167 priorem
1305 1112 1515 1163 mediatam,

191 1178 445 1233 posteriorem
477 1177 721 1219 immediatam
754 1178 945 1232 appellare
978 1176 1095 1217 lubet.
1160 1176 1324 1217 Etenim
1356 1176 1397 1217 in
1430 1173 1514 1216 casu

193 1242 321 1296 priore
351 1240 583 1283 menstruum
615 1240 753 1295 abripit
786 1240 986 1296 particulas
1017 1241 1191 1294 corporis
1224 1238 1396 1280 soluendi
1429 1250 1510 1279 ωας

192 1305 319 1345 diante
352 1315 486 1346 renato
517 1305 658 1345 elatere
690 1305 783 1345 aeris
799 1337 810 1357 ‚
845 1306 884 1345 in
916 1305 999 1345 casu
1033 1303 1243 1358 posteriore
1262 1304 1385 1358 ipsum
1404 1314 1510 1344 men-

193 1368 335 1410 struum
358 1369 435 1423 agit
452 1370 616 1423 propriis
630 1367 701 1409 suis
716 1369 920 1422 particulis.
953 1366 1059 1410 Cum
1076 1379 1173 1408 vero
1190 1368 1355 1409 mediata
1374 1365 1514 1406 solutio

193 1431 359 1473 calorem
378 1465 389 1485 ,
419 1432 637 1473 immediata
678 1441 807 1472 autem
847 1431 961 1486 frigus
993 1432 1180 1487 producat
1202 1467 1211 1484 ,
1245 1431 1517 1486 phaenomena

191 1494 284 1536 haec
318 1505 498 1550 tanquam
531 1495 632 1548 signa
662 1496 856 1549 Vtriusque
886 1495 1030 1537 censeri
1061 1495 1211 1536 debent.

336 1560 357 1608 ξ
393 1573 465 1609 49.
510 1558 662 1599 Praeter
702 1558 905 1600 solutiones
942 1558 1191 1601 metallorum
1232 1557 1273 1598 in
1322 1556 1508 1613 spiritibus

188 1623 300 1665 acidis
320 1656 331 1675 ,
366 1633 403 1664 et
436 1622 568 1663 salium
602 1623 640 1662 in
675 1635 769 1676 aqua
788 1656 798 1675 ,
831 1624 1090 1679 exponendae
1123 1620 1317 1676 supersunt
1351 1621 1510 1675 amalgae

193 1686 377 1727 mationes
396 1719 406 1739 ,
439 1686 645 1727 solutiones
679 1686 854 1740 partiales
873 1720 883 1739 ‚
918 1699 1061 1741 nempe
1091 1686 1351 1727 extr-actiones
1384 1694 1422 1725 et
1448 1686 1513 1725 de‘

192 1750 389 1790 coctiones
406 1781 417 1801 ,
450 1751 542 1790 item
574 1749 775 1791 solutiones
807 1751 1039 1794 bituminum
1072 1750 1111 1790 in
1136 1749 1274 1790 OleoslS
1305 1758 1379 1790 etc.
1416 1762 1513 1803 quae

194 1812 283 1852 licet
315 1812 360 1852 ab
391 1811 463 1852 illis
496 1810 703 1866 discrepare
734 1814 910 1855 videntur
927 1847 939 1868 ‚
973 1824 1103 1855 tamen
1136 1813 1318 1854 alterutro
1359 1811 1424 1852 vel
1463 1825 1511 1853 vo

196 1885 332 1928 troque
349 1874 459 1916 simul
481 1876 602 1916 modo
619 1888 680 1916 eas
697 1877 829 1930 perfici
847 1891 927 1919 non
945 1878 1167 1919 dubitamus.
1233 1874 1310 1917 Sed
1327 1876 1513 1930 quoniam

194 1951 312 1994 pauca
334 1940 594 1992 experimenta
612 1949 764 1994 extant,
783 1954 877 1996 quae
894 1942 939 1983 ad
957 1954 1016 1984 eas
1025 1940 1274 1996 exponendas
1284 1940 1372 1994 quid
1381 1939 1512 1980 confe-

257 2002 375 2041 Tom.
410 2001 443 2042 Ι.
848 2004 882 2046 L
917 2005 930 2046 1
1388 2013 1478 2043 runt
1496 2035 1508 2055 ,

333 2068 1503 2084 w

233 2070 427 2117 ‘wi-'lbioem
452 2079 479 2117 §.
508 2089 558 2119 14.
582 2089 628 2121 ις.
