1820 2506
417 182 729 231 RARIORVM
766 182 1124 232 PLANTARVM.
1327 195 1384 239 37
1387 199 1418 240 9

107 304 292 361 gradatim
324 305 516 348 breuiores
549 305 712 346 euadunt
744 314 784 347 et
815 306 933 360 magis
951 307 990 346 in
1009 306 1127 347 latum
1144 303 1419 346 diffunduntur,

257 368 425 411 Summo
464 368 561 410 cauli
599 378 638 409 et
676 371 794 411 ramis
824 370 946 423 spicae
986 368 1174 410 floriferae
1215 377 1387 409 nutantes
1405 400 1418 420 ‚

111 435 325 476 constanter
358 444 486 473 ternae
519 432 708 486 insident,
741 446 899 486 quarum
931 434 1078 474 mediae
1120 433 1214 472 binis
1262 432 1419 485 opposi-

114 501 159 538 tis
201 498 425 551 plerumque
463 496 654 549 longiores
701 498 796 538 sunt.
862 497 1055 537 Verticilli
1097 496 1215 549 spicas
1257 507 1424 549 compo·

112 571 246 601 nentes
276 563 341 600 (ex
374 560 529 600 floribus
560 559 811 614 subseffilibus‚
844 561 884 601 in
917 561 1056 600 orbem
1074 559 1260 613 dispositis
1278 591 1289 610 ,
1329 571 1424 599 con·

113 624 210 664 stant
227 657 238 676 ,
279 635 444 677 quorum
485 622 631 674 singulis
664 624 774 664 binae
812 624 1013 678 oppositae
1046 623 1184 677 ligulae
1202 655 1213 676 ‚
1248 621 1428 663 calicibus

115 688 276 728 dimidio
309 686 516 736 breuiores,
550 684 735 726 subiectae
768 687 862 727 sunt.

251 747 368 789 Calix
401 748 685 801 monophyllus
718 750 934 803 tubulatus,
966 749 1120 802 breuis,
1155 747 1392 804 compressus
1411 782 1424 802 ‚

115 810 300 866 profunde
332 812 474 852 striatus
507 812 638 852 viridis
657 845 668 864 ‚
702 813 809 868 saepe
842 816 960 855 etiam
995 814 1088 854 striis
1130 813 1246 853 rubro
1292 814 1424 854 colore

115 876 242 916 tinfiis
275 876 508 928 conspicuuS,
542 875 738 917 bilabiatus
758 911 769 931 ‚
802 878 904 918 labio
937 877 1119 931 superiori
1150 878 1302 928 integro
1319 909 1331 928 ‚
1365 877 1427 916 in-

113 939 244 980 seriori
278 939 486 980 bidentato.

249 1001 406 1043 Corolla
436 1013 509 1055 pro
541 1013 654 1042 more
686 1001 837 1055 ringens
854 1035 866 1054 ,
900 1001 1088 1042 bilabiata.
1164 998 1330 1042 Labium
1371 1001 1423 1042 su-

115 1066 239 1120 perius
289 1065 437 1118 longius
463 1098 473 1116 ,
527 1066 697 1104 erenum
718 1096 728 1115 ,
763 1067 1039 1117 emarginatum
1076 1098 1087 1117 ,
1123 1065 1259 1105 medio
1312 1064 1427 1106 dorso

115 1131 327 1169 carinatum
366 1160 376 1178 ,
418 1126 635 1166 violaceum
680 1159 691 1178 ‚
752 1137 864 1167 extra
929 1128 1082 1181 punffls
1141 1128 1309 1166 candidis
1369 1130 1429 1181 pi-

118 1192 248 1232 etum:
276 1191 434 1231 Inferius
469 1188 640 1229 trifidum
667 1189 888 1230 violaceum
916 1191 1057 1244 absque
1089 1190 1262 1244 pilitum,
1290 1190 1429 1231 lacinia

120 1255 247 1295 media
284 1253 548 1306 propendente
566 1253 724 1305 maiori,
776 1254 1024 1306 subrotunda,
1059 1254 1226 1307 integra,
1254 1254 1430 1307 margine

120 1318 351 1371 aliquantum
385 1315 524 1356 sursum
556 1316 687 1356 erecto
705 1348 715 1367 ‚
752 1316 843 1358 hinc
878 1331 1066 1371 concaua3
1101 1317 1311 1357 lateralibus
1353 1318 1430 1358 mi-

120 1381 301 1431 noribus,
337 1380 540 1432 oblongis,
577 1380 776 1420 horizonti
817 1381 998 1435 parallele
1048 1381 1277 1420 extantibus.

254 1443 466 1483 Filumenta
505 1444 582 1483 duo
625 1444 722 1483 intra
765 1445 905 1486 labium
945 1444 1108 1497 superius
1148 1443 1400 1484 delitescentia
1418 1475 1431 1496 ,

121 1507 202 1547 alba
220 1539 231 1558 ,
261 1520 350 1547 cum
380 1506 548 1547 antheris
581 1507 754 1560 oblongis
802 1508 1108 1549 incumbentibus
1138 1507 1271 1556 fuscis,
1325 1507 1434 1547 luteo

120 1570 269 1624 polline
303 1570 423 1611 tec'tis.

258 1631 432 1675 Germen
465 1634 725 1688 quadrifidum.
793 1632 923 1688 Stylus
955 1634 1180 1675 staminibus
1202 1632 1329 1673 multo
1348 1633 1434 1672 lon-

124 1696 208 1749 gior
227 1729 237 1748 ,
269 1698 350 1737 imo
382 1706 491 1737 extra
524 1698 666 1740 labium
698 1700 859 1753 superius
893 1712 960 1752 per
992 1698 1314 1750 emarginaturam
1356 1707 1434 1736 eius

123 1772 204 1798 non
236 1772 369 1811 parum
403 1763 626 1812 prominens
645 1796 656 1815 ,
690 1764 784 1804 infra
814 1763 944 1814 albus,
985 1764 1092 1816 supra
1132 1761 1433 1816 purpurantem,

126 1833 214 1862 cum
247 1821 420 1873 stigmate
451 1821 570 1863 bifido
603 1835 713 1865 acuto
731 1859 742 1878 ,
782 1827 969 1866 violaceo.

255 1883 408 1926 Semina
440 1898 513 1937 pro
546 1899 657 1928 more
689 1899 849 1942 quatuor
868 1922 879 1941 ,
920 1892 1038 1944 nigra.

259 1947 392 1989 Floret
422 1948 486 1988 sub
518 1948 635 1992 finem
666 1952 778 1992 Iunii.
844 1952 998 1993 Semina
1041 1961 1205 1993 maturat
1244 1951 1432 2006 Augusto.

262 2010 357 2052 Icon
413 2012 502 2053 sistit
546 2014 717 2067 plantam
751 2029 838 2057 cum
870 2029 952 2055 vno
984 2027 1129 2070 tantum
1161 2017 1436 2069 petiolzitorum

127 2073 306 2117 soliorum
337 2076 417 2131 pari
435 2109 447 2131 ‚
481 2076 572 2119 hinc
605 2079 764 2120 naturali
807 2078 920 2132 paulo
961 2080 1222 2124 humiliorem.
1298 2079 1436 2135 Spicae

713 2141 749 2186 B
767 2143 792 2186 b
812 2155 839 2184 2.
1246 2144 1436 2188 floriferae
