1820 2506
145 185 227 228 DE
237 181 454 229 ACTION
456 182 495 227 E
512 178 960 226 MENSTRVORVM
969 176 1008 224 C
1009 179 1051 223 H
1053 175 1175 225 TMI
1176 179 1368 223 CORVM
1371 193 1394 221 2
1403 189 1425 230 ς
1433 191 1462 230 9

143 302 206 345 sed
278 302 407 343 statim
474 300 668 357 particulis
741 299 926 342 menstrui
993 296 1258 342 accedentibus
1325 295 1465 338 adhaess

142 376 230 407 rent
246 398 258 417 ,
301 378 466 420 cumque
506 367 578 407 illis
624 364 857 421 progr-effluo
892 372 1003 405 motu
1045 362 1305 403 incedentibus
1336 361 1463 402 distra-

145 429 300 470 huntur.
367 429 482 472 Vnde
522 430 626 471 nulla
657 428 887 483 constipatio
925 427 1195 483 particularum
1227 427 1320 467 aeris
1350 423 1466 466 diffe-

142 493 281 534 minati
310 493 536 548 subsequitur
552 528 564 547 ‚
596 494 656 535 vis
683 492 833 534 elaffica
864 504 947 534 non
977 490 1160 534 reuiuistit
1176 522 1189 543 ,
1224 490 1327 531 nulla
1352 490 1465 531 effer-

143 557 331 598 vescentia
361 566 426 599 aut
454 558 558 599 calor
593 557 781 598 exoritur.

283 629 318 677 ξ.
344 639 414 676 33.
448 630 616 685 Quando
646 628 743 669 duae
772 628 975 682 portiones
1003 627 1175 683 aequales
1203 627 1376 668 eiusdem
1394 626 1468 682 spi-

144 693 237 732 ritus
271 693 394 745 acidi,
427 692 510 733 satis
543 692 779 733 concentrati
797 724 808 744 ‚
839 692 888 732 ad
915 692 1137 732 soluendum
1170 692 1370 732 metallum
1404 692 1468 732 ad*

145 755 323 795 hibentur
340 788 351 808 ,
393 769 469 796 vna
509 766 641 796 tamen
677 767 809 796 earum
841 755 1001 796 *diluitur
1031 756 1183 796 modice
1216 769 1307 810 aqua
1339 755 1463 795 affusa„

147 818 337 859 Posterior
377 820 566 860 maiorem
608 820 857 874 quantitatem
902 819 1017 859 soluit
1033 851 1046 871 ,
1088 833 1202 873 quam
1243 821 1352 873 prior
1369 852 1380 871 ,
1415 820 1467 859 ob

145 882 332 923 maiorem
378 881 514 924 scilicet
564 892 818 939 quantitatem
867 884 965 923 aeris
1003 894 1077 936 per
1113 883 1236 922 maius
1277 883 1467 924 volumen

145 943 385 987 disseminati.

300 1010 334 1058 ξ.
361 1024 432 1061 34.
463 1010 528 1051 Ad
561 1008 787 1050 soluendum
816 1008 1018 1050 metallum
1050 1008 1223 1050 adhibito
1257 1009 1382 1063 spiritu
1409 1009 1469 1050 ui-

147 1072 196 1112 tri
238 1072 319 1113 satis
360 1074 489 1114 valido
508 1107 519 1127 ‚
561 1074 698 1114 solutio
735 1074 842 1114 breui
883 1082 1061 1127 tempore
1090 1073 1295 1113 absoluitur
1310 1107 1320 1125 ,
1355 1081 1469 1113 men-

148 1135 248 1176 struo
290 1150 371 1177 non
412 1138 573 1190 amplius
612 1148 759 1190 agente.
824 1137 975 1176 Verum
1016 1136 1043 1176 si
1085 1137 1171 1189 post
1212 1138 1357 1190 aliquot
1389 1138 1470 1176 dies

148 1198 348 1240 metallum
382 1201 506 1241 eidem
539 1200 683 1254 spiritui
715 1200 834 1241 rursus
864 1200 1140 1254 immergitur3
1177 1201 1365 1254 quantitas
1389 1201 1470 1240 eius

147 1274 228 1304 non
260 1265 546 1305 contemnenda
574 1265 703 1305 denuo
734 1262 900 1305 soluitur.
967 1263 1168 1305 Nimirum
1193 1264 1394 1318 praecipiti
1412 1263 1472 1304 so-

149 1326 297 1367 lutione
330 1327 477 1369 furente
494 1361 506 1379 ,
542 1327 686 1381 spiritus
717 1340 804 1368 aere
835 1328 885 1368 ita
917 1327 1073 1368 orbatur
1089 1361 1100 1380 ,
1134 1337 1178 1368 vt
1208 1329 1247 1367 in
1271 1328 1469 1368 metallum

147 1391 312 1443 amplius
341 1403 454 1444 agere
486 1401 662 1446 nequeat.
706 1392 764 1432 At
797 1391 906 1446 super
935 1392 1191 1433 incumbentis
1222 1392 1317 1431 aeris
1352 1394 1471 1445 parti-

146 1453 244 1493 culis
273 1453 434 1496 successu
465 1456 652 1510 temporis
693 1456 733 1495 in
765 1468 887 1510 poros
915 1457 1000 1496 suos
1030 1457 1194 1511 receptis
1211 1489 1222 1509 ‚
1253 1453 1372 1496 rursus
1396 1456 1471 1497 sol-

145 1517 285 1570 vendi,
319 1519 501 1560 virtutem
538 1519 710 1574 acquirit.

294 1589 330 1638 ξ.
354 1601 425 1640 35.
445 1588 611 1631 Summa
634 1590 824 1631 certitudo
843 1590 881 1630 in
908 1590 1017 1631 rebus
1034 1590 1199 1643 Phyficis
1216 1600 1471 1645 comparatur,

131 1649 177 1702 ssi
208 1651 326 1694 theses
374 1667 398 1696 a
432 1655 553 1708 priori
591 1663 719 1695 erutae
761 1664 799 1695 et
838 1654 1121 1695 dumonstratae
1169 1666 1280 1708 atque
1318 1656 1476 1708 experi-

149 1718 289 1758 mentis
338 1727 376 1757 et
415 1718 692 1771 phaenomenis
734 1717 983 1759 confirmatae
1031 1720 1148 1759 etiam
1192 1718 1473 1759 mathematico

152 1781 321 1820 examini
358 1780 600 1834 respondent.
666 1782 734 1823 Ad
768 1781 870 1824 hunc
911 1784 1039 1837 itaque
1071 1784 1282 1823 euidentiae
1314 1783 1473 1835 gradum

154 1842 391 1897 propositam
429 1845 621 1885 theoriam
663 1846 858 1887 deducuiri
900 1846 1098 1887 ostendere
1136 1857 1345 1898 tenemur,
1378 1860 1472 1887 nun<

154 1906 243 1960 quid
279 1908 339 1946 vis
366 1909 460 1948 aeris
490 1908 638 1949 clastica
670 1910 711 1949 in
746 1922 847 1963 poro
879 1910 1028 1951 metalli
1060 1921 1189 1952 renata
1229 1912 1276 1951 ad
1308 1910 1476 1950 auellen-

153 1969 244 2010 dam
277 1969 354 2010 eius
384 1972 604 2025 particulam
641 1972 814 2014 sufficiat.

294 2041 328 2089 §-
352 2045 424 2089 36.
465 2044 597 2086 Primo
636 2046 748 2099 igitur
788 2046 999 2087 videndum
1047 2047 1099 2087 cst
1140 2056 1280 2101 quanta
1311 2047 1357 2087 fit
1389 2047 1473 2098 vis,

159 2116 255 2160 quae
304 2105 352 2146 ad
402 2105 502 2148 hunc
539 2108 721 2150 effectum
771 2109 1062 2163 producendum
1103 2112 1307 2165 requiritur
1323 2144 1334 2163 ‚
1378 2110 1418 2150 h.
1438 2124 1472 2150 e„

760 2173 797 2213 1<
816 2174 842 2213 k
861 2187 886 2211 2
1360 2187 1474 2226 quam.
