<?xml version="1.0" encoding="UTF-8"?>
<!DOCTYPE html PUBLIC "-//W3C//DTD XHTML 1.0 Transitional//EN"
    "http://www.w3.org/TR/xhtml1/DTD/xhtml1-transitional.dtd">
<html xmlns="http://www.w3.org/1999/xhtml" xml:lang="en" lang="en">
 <head>
  <title>
</title>
<meta http-equiv="Content-Type" content="text/html;charset=utf-8" />
  <meta name='ocr-system' content='tesseract 3.04.00' />
  <meta name='ocr-capabilities' content='ocr_page ocr_carea ocr_par ocr_line ocrx_word'/>
</head>
<body>
  <div class='ocr_page' id='page_1' title='image "./novicommentariac01impe_0044.png"; bbox 0 0 1820 2506; ppageno 0'>
   <div class='ocr_carea' id='block_1_1' title="bbox 919 107 1106 166">
    <p class='ocr_par' dir='ltr' id='par_1_1' title="bbox 919 107 1106 166">
     <span class='ocr_line' id='line_1_1' title="bbox 919 107 1106 166; baseline 0 -1"><span class='ocrx_word' id='word_1_1' title='bbox 919 107 950 165; x_wconf 82' lang='grc'><em>)&lt;</em></span> <span class='ocrx_word' id='word_1_2' title='bbox 987 118 1043 157; x_wconf 76' lang='lat'><em>³2</em></span> <span class='ocrx_word' id='word_1_3' title='bbox 1075 107 1106 166; x_wconf 90' lang='lat'><em>)(</em></span> 
     </span>
    </p>
   </div>
   <div class='ocr_carea' id='block_1_2' title="bbox 338 218 1658 280">
    <p class='ocr_par' dir='ltr' id='par_1_2' title="bbox 338 218 1658 280">
     <span class='ocr_line' id='line_1_2' title="bbox 338 218 1658 280; baseline -0.003 -8"><span class='ocrx_word' id='word_1_4' title='bbox 338 228 490 273; x_wconf 84' lang='lat' dir='ltr'><em>tationis</em></span> <span class='ocrx_word' id='word_1_5' title='bbox 521 232 556 269; x_wconf 89' lang='lat' dir='ltr'><em>et</em></span> <span class='ocrx_word' id='word_1_6' title='bbox 588 224 841 268; x_wconf 84' lang='lat' dir='ltr'><em>alimentorum</em></span> <span class='ocrx_word' id='word_1_7' title='bbox 862 256 873 278; x_wconf 86' lang='lat'>‚</span> <span class='ocrx_word' id='word_1_8' title='bbox 905 236 931 265; x_wconf 88' lang='lat' dir='ltr'><em>a</em></span> <span class='ocrx_word' id='word_1_9' title='bbox 975 223 1107 280; x_wconf 79' lang='lat' dir='ltr'><em>quibus</em></span> <span class='ocrx_word' id='word_1_10' title='bbox 1139 221 1273 266; x_wconf 79' lang='lat' dir='ltr'><em>traditi</em></span> <span class='ocrx_word' id='word_1_11' title='bbox 1293 218 1382 279; x_wconf 85' lang='lat' dir='ltr'><em>sunt</em></span> <span class='ocrx_word' id='word_1_12' title='bbox 1402 258 1413 279; x_wconf 86' lang='lat'>,</span> <span class='ocrx_word' id='word_1_13' title='bbox 1446 224 1488 268; x_wconf 87' lang='lat' dir='ltr'><em>hi</em></span> <span class='ocrx_word' id='word_1_14' title='bbox 1530 237 1658 269; x_wconf 88' lang='lat' dir='ltr'><em>curam</em></span> 
     </span>
    </p>
   </div>
   <div class='ocr_carea' id='block_1_3' title="bbox 344 293 1037 395">
    <p class='ocr_par' dir='ltr' id='par_1_3' title="bbox 344 293 1037 395">
     <span class='ocr_line' id='line_1_3' title="bbox 344 293 541 337; baseline -0.005 -2"><span class='ocrx_word' id='word_1_15' title='bbox 344 293 541 337; x_wconf 81' lang='lat' dir='ltr'><em>habebunt.</em></span> 
     </span>
     <span class='ocr_line' id='line_1_4' title="bbox 964 357 1037 395; baseline 0.027 -2"><span class='ocrx_word' id='word_1_16' title='bbox 964 357 993 393; x_wconf 94' lang='lat'>6</span> <span class='ocrx_word' id='word_1_17' title='bbox 1001 366 1019 394; x_wconf 90' lang='lat'>1</span> <span class='ocrx_word' id='word_1_18' title='bbox 1027 385 1037 395; x_wconf 93' lang='lat'><em>.</em></span> 
     </span>
    </p>
   </div>
   <div class='ocr_carea' id='block_1_4' title="bbox 341 424 1658 614">
    <p class='ocr_par' dir='ltr' id='par_1_4' title="bbox 341 424 1658 614">
     <span class='ocr_line' id='line_1_5' title="bbox 463 424 1658 487; baseline 0 -14"><span class='ocrx_word' id='word_1_19' title='bbox 463 432 512 474; x_wconf 90' lang='lat' dir='ltr'><em>In</em></span> <span class='ocrx_word' id='word_1_20' title='bbox 532 430 680 485; x_wconf 86' lang='lat' dir='ltr'><em>officinis</em></span> <span class='ocrx_word' id='word_1_21' title='bbox 711 428 961 487; x_wconf 84' lang='lat' dir='ltr'><em>operariorum</em></span> <span class='ocrx_word' id='word_1_22' title='bbox 980 424 1064 482; x_wconf 66' lang='lat' dir='ltr'><em>‘isus</em></span> <span class='ocrx_word' id='word_1_23' title='bbox 1081 427 1261 484; x_wconf 71' lang='lat' dir='ltr'><em>cssvariis</em></span> <span class='ocrx_word' id='word_1_24' title='bbox 1279 428 1523 484; x_wconf 82' lang='lat' dir='ltr'><em>adparatibus</em></span> <span class='ocrx_word' id='word_1_25' title='bbox 1542 444 1554 486; x_wconf 76' lang='lat'>3</span> <span class='ocrx_word' id='word_1_26' title='bbox 1584 431 1658 473; x_wconf 84' lang='lat' dir='ltr'><em>ita·</em></span> 
     </span>
     <span class='ocr_line' id='line_1_6' title="bbox 344 489 1657 552; baseline 0 -15"><span class='ocrx_word' id='word_1_27' title='bbox 344 507 411 552; x_wconf 85' lang='lat' dir='ltr'><em>que</em></span> <span class='ocrx_word' id='word_1_28' title='bbox 442 498 660 552; x_wconf 66' lang='lat' dir='ltr'><em>praficitur</em></span> <span class='ocrx_word' id='word_1_29' title='bbox 677 495 883 552; x_wconf 78' lang='lat' dir='ltr'><em>apothecae</em></span> <span class='ocrx_word' id='word_1_30' title='bbox 903 489 1076 548; x_wconf 69' lang='lat' dir='ltr'><em>inspeetor</em></span> <span class='ocrx_word' id='word_1_31' title='bbox 1095 525 1104 543; x_wconf 85' lang='lat'>‚</span> <span class='ocrx_word' id='word_1_32' title='bbox 1139 495 1197 534; x_wconf 88' lang='lat' dir='ltr'><em>cui</em></span> <span class='ocrx_word' id='word_1_33' title='bbox 1213 493 1410 549; x_wconf 86' lang='lat' dir='ltr'><em>postremae</em></span> <span class='ocrx_word' id='word_1_34' title='bbox 1416 491 1530 548; x_wconf 72' lang='lat' dir='ltr'><em>fhrtis</em></span> <span class='ocrx_word' id='word_1_35' title='bbox 1545 497 1657 538; x_wconf 90' lang='lat' dir='ltr'><em>omni-</em></span> 
     </span>
     <span class='ocr_line' id='line_1_7' title="bbox 341 558 1622 614; baseline -0.002 -12"><span class='ocrx_word' id='word_1_36' title='bbox 341 573 407 602; x_wconf 84' lang='lat' dir='ltr'><em>um</em></span> <span class='ocrx_word' id='word_1_37' title='bbox 441 561 673 604; x_wconf 79' lang='lat' dir='ltr'><em>Academiae</em></span> <span class='ocrx_word' id='word_1_38' title='bbox 706 558 866 610; x_wconf 84' lang='lat' dir='ltr'><em>claffium</em></span> <span class='ocrx_word' id='word_1_39' title='bbox 901 558 1119 599; x_wconf 81' lang='lat' dir='ltr'><em>mercenarii</em></span> <span class='ocrx_word' id='word_1_40' title='bbox 1153 564 1262 613; x_wconf 87' lang='lat' dir='ltr'><em>atqne</em></span> <span class='ocrx_word' id='word_1_41' title='bbox 1279 565 1414 614; x_wconf 86' lang='lat' dir='ltr'><em>operae</em></span> <span class='ocrx_word' id='word_1_42' title='bbox 1425 559 1622 614; x_wconf 80' lang='lat' dir='ltr'><em>parebunt.</em></span> 
     </span>
    </p>
   </div>
   <div class='ocr_carea' id='block_1_5' title="bbox 965 690 1038 727">
    <p class='ocr_par' dir='ltr' id='par_1_5' title="bbox 965 690 1038 727">
     <span class='ocr_line' id='line_1_8' title="bbox 965 690 1038 727; baseline 0.014 -1"><span class='ocrx_word' id='word_1_43' title='bbox 965 690 1038 727; x_wconf 90' lang='lat'><em>62.</em></span> 
     </span>
    </p>
   </div>
   <div class='ocr_carea' id='block_1_6' title="bbox 341 758 1659 949">
    <p class='ocr_par' dir='ltr' id='par_1_6' title="bbox 341 758 1659 949">
     <span class='ocr_line' id='line_1_9' title="bbox 462 758 1659 818; baseline -0.003 -13"><span class='ocrx_word' id='word_1_44' title='bbox 462 764 579 805; x_wconf 84' lang='lat' dir='ltr'><em>Certa</em></span> <span class='ocrx_word' id='word_1_45' title='bbox 599 761 782 818; x_wconf 85' lang='lat' dir='ltr'><em>statuitur</em></span> <span class='ocrx_word' id='word_1_46' title='bbox 802 758 947 814; x_wconf 87' lang='lat' dir='ltr'><em>summa</em></span> <span class='ocrx_word' id='word_1_47' title='bbox 981 760 1182 801; x_wconf 75' lang='lat' dir='ltr'><em>coemendis</em></span> <span class='ocrx_word' id='word_1_48' title='bbox 1213 759 1323 815; x_wconf 68' lang='lat' dir='ltr'><em>lignis</em></span> <span class='ocrx_word' id='word_1_49' title='bbox 1357 768 1466 816; x_wconf 86' lang='lat' dir='ltr'><em>atque</em></span> <span class='ocrx_word' id='word_1_50' title='bbox 1497 758 1659 803; x_wconf 88' lang='lat' dir='ltr'><em>candelis</em></span> 
     </span>
     <span class='ocr_line' id='line_1_10' title="bbox 341 825 1656 882; baseline -0.002 -13"><span class='ocrx_word' id='word_1_51' title='bbox 341 829 379 869; x_wconf 77' lang='lat' dir='ltr'><em>in</em></span> <span class='ocrx_word' id='word_1_52' title='bbox 412 840 440 869; x_wconf 79' lang='lat' dir='ltr'><em>v</em></span> <span class='ocrx_word' id='word_1_53' title='bbox 455 841 513 869; x_wconf 86' lang='lat' dir='ltr'><em>um</em></span> <span class='ocrx_word' id='word_1_54' title='bbox 545 826 766 879; x_wconf 85' lang='lat' dir='ltr'><em>officinarum</em></span> <span class='ocrx_word' id='word_1_55' title='bbox 799 832 834 866; x_wconf 82' lang='lat' dir='ltr'><em>et</em></span> <span class='ocrx_word' id='word_1_56' title='bbox 867 833 1070 867; x_wconf 80' lang='lat' dir='ltr'><em>ceterorum</em></span> <span class='ocrx_word' id='word_1_57' title='bbox 1089 858 1100 877; x_wconf 86' lang='lat'>‚</span> <span class='ocrx_word' id='word_1_58' title='bbox 1133 827 1196 882; x_wconf 86' lang='lat' dir='ltr'><em>qui</em></span> <span class='ocrx_word' id='word_1_59' title='bbox 1243 827 1283 868; x_wconf 86' lang='lat' dir='ltr'><em>in</em></span> <span class='ocrx_word' id='word_1_60' title='bbox 1327 825 1561 868; x_wconf 42' lang='lat' dir='ltr'><em>academicis*</em></span> <span class='ocrx_word' id='word_1_61' title='bbox 1593 837 1656 866; x_wconf 89' lang='lat' dir='ltr'><em>ae-</em></span> 
     </span>
     <span class='ocr_line' id='line_1_11' title="bbox 343 885 1094 949; baseline -0.005 -16"><span class='ocrx_word' id='word_1_62' title='bbox 343 891 450 934; x_wconf 83' lang='lat' dir='ltr'><em>dibus</em></span> <span class='ocrx_word' id='word_1_63' title='bbox 475 892 632 949; x_wconf 81' lang='lat' dir='ltr'><em>publicis</em></span> <span class='ocrx_word' id='word_1_64' title='bbox 665 891 856 934; x_wconf 88' lang='lat' dir='ltr'><em>commodis</em></span> <span class='ocrx_word' id='word_1_65' title='bbox 889 885 1094 945; x_wconf 81' lang='lat' dir='ltr'><em>inseruiunt.</em></span> 
     </span>
    </p>
   </div>
   <div class='ocr_carea' id='block_1_7' title="bbox 965 1020 1042 1066">
    <p class='ocr_par' dir='ltr' id='par_1_7' title="bbox 965 1020 1042 1066">
     <span class='ocr_line' id='line_1_12' title="bbox 965 1020 1042 1066; baseline 0.013 -8"><span class='ocrx_word' id='word_1_66' title='bbox 965 1020 1042 1066; x_wconf 82' lang='lat'><em>63.</em></span> 
     </span>
    </p>
   </div>
   <div class='ocr_carea' id='block_1_8' title="bbox 329 1089 1716 1599">
    <p class='ocr_par' dir='ltr' id='par_1_8' title="bbox 329 1089 1716 1599">
     <span class='ocr_line' id='line_1_13' title="bbox 462 1089 1659 1151; baseline -0.003 -13"><span class='ocrx_word' id='word_1_67' title='bbox 462 1089 560 1138; x_wconf 85' lang='lat' dir='ltr'><em>Pari</em></span> <span class='ocrx_word' id='word_1_68' title='bbox 593 1095 694 1137; x_wconf 88' lang='lat' dir='ltr'><em>modo</em></span> <span class='ocrx_word' id='word_1_69' title='bbox 714 1093 862 1151; x_wconf 80' lang='lat' dir='ltr'><em>fiimma</em></span> <span class='ocrx_word' id='word_1_70' title='bbox 895 1094 1089 1136; x_wconf 86' lang='lat' dir='ltr'><em>mediocris</em></span> <span class='ocrx_word' id='word_1_71' title='bbox 1120 1093 1316 1151; x_wconf 76' lang='lat' dir='ltr'><em>destinatur</em></span> <span class='ocrx_word' id='word_1_72' title='bbox 1336 1089 1574 1151; x_wconf 84' lang='lat' dir='ltr'><em>sustentandis</em></span> <span class='ocrx_word' id='word_1_73' title='bbox 1589 1095 1659 1135; x_wconf 87' lang='lat' dir='ltr'><em>im-</em></span> 
     </span>
     <span class='ocr_line' id='line_1_14' title="bbox 343 1158 1658 1215; baseline 0 -15"><span class='ocrx_word' id='word_1_74' title='bbox 343 1159 465 1215; x_wconf 88' lang='lat' dir='ltr'><em>penfis</em></span> <span class='ocrx_word' id='word_1_75' title='bbox 516 1160 826 1200; x_wconf 83' lang='lat' dir='ltr'><em>extraordinariis</em></span> <span class='ocrx_word' id='word_1_76' title='bbox 852 1192 863 1212; x_wconf 84' lang='lat'>‚</span> <span class='ocrx_word' id='word_1_77' title='bbox 913 1159 1108 1200; x_wconf 82' lang='lat' dir='ltr'><em>coemendis</em></span> <span class='ocrx_word' id='word_1_78' title='bbox 1143 1161 1226 1199; x_wconf 87' lang='lat' dir='ltr'><em>item</em></span> <span class='ocrx_word' id='word_1_79' title='bbox 1271 1158 1418 1201; x_wconf 84' lang='lat' dir='ltr'><em>chartis</em></span> <span class='ocrx_word' id='word_1_80' title='bbox 1443 1192 1454 1212; x_wconf 79' lang='lat'>,</span> <span class='ocrx_word' id='word_1_81' title='bbox 1504 1158 1658 1200; x_wconf 86' lang='lat' dir='ltr'><em>calamis</em></span> 
     </span>
     <span class='ocr_line' id='line_1_15' title="bbox 332 1220 1660 1278; baseline -0.002 -14"><span class='ocrx_word' id='word_1_82' title='bbox 332 1220 546 1277; x_wconf 81' lang='lat' dir='ltr'><em>scriptoriis</em></span> <span class='ocrx_word' id='word_1_83' title='bbox 568 1256 578 1275; x_wconf 84' lang='lat'>‚</span> <span class='ocrx_word' id='word_1_84' title='bbox 621 1228 828 1263; x_wconf 79' lang='lat' dir='ltr'><em>atramento</em></span> <span class='ocrx_word' id='word_1_85' title='bbox 849 1255 859 1274; x_wconf 84' lang='lat'>,</span> <span class='ocrx_word' id='word_1_86' title='bbox 891 1234 1001 1263; x_wconf 90' lang='lat' dir='ltr'><em>cerae</em></span> <span class='ocrx_word' id='word_1_87' title='bbox 1013 1224 1242 1278; x_wconf 86' lang='lat' dir='ltr'><em>fignatoriae</em></span> <span class='ocrx_word' id='word_1_88' title='bbox 1257 1230 1294 1263; x_wconf 90' lang='lat' dir='ltr'><em>et</em></span> <span class='ocrx_word' id='word_1_89' title='bbox 1310 1226 1441 1265; x_wconf 88' lang='lat' dir='ltr'><em>ceteris</em></span> <span class='ocrx_word' id='word_1_90' title='bbox 1461 1255 1472 1274; x_wconf 77' lang='lat'>,</span> <span class='ocrx_word' id='word_1_91' title='bbox 1512 1233 1660 1276; x_wconf 84' lang='lat' dir='ltr'><em>quorum</em></span> 
     </span>
     <span class='ocr_line' id='line_1_16' title="bbox 345 1280 1660 1343; baseline -0.001 -16"><span class='ocrx_word' id='word_1_92' title='bbox 345 1286 529 1327; x_wconf 69' lang='lat' dir='ltr'><em>ade-urata</em></span> <span class='ocrx_word' id='word_1_93' title='bbox 565 1287 655 1327; x_wconf 88' lang='lat' dir='ltr'><em>iniri</em></span> <span class='ocrx_word' id='word_1_94' title='bbox 684 1288 783 1327; x_wconf 90' lang='lat' dir='ltr'><em>ratio</em></span> <span class='ocrx_word' id='word_1_95' title='bbox 816 1298 884 1327; x_wconf 83' lang='lat' dir='ltr'><em>non</em></span> <span class='ocrx_word' id='word_1_96' title='bbox 912 1286 1050 1343; x_wconf 79' lang='lat' dir='ltr'><em>potest:</em></span> <span class='ocrx_word' id='word_1_97' title='bbox 1085 1293 1239 1328; x_wconf 87' lang='lat' dir='ltr'><em>ceterum</em></span> <span class='ocrx_word' id='word_1_98' title='bbox 1278 1289 1341 1340; x_wconf 81' lang='lat' dir='ltr'><em>qui</em></span> <span class='ocrx_word' id='word_1_99' title='bbox 1368 1285 1476 1342; x_wconf 63' lang='lat' dir='ltr'><em>sacti</em></span> <span class='ocrx_word' id='word_1_100' title='bbox 1494 1280 1580 1339; x_wconf 84' lang='lat' dir='ltr'><em>fiint</em></span> <span class='ocrx_word' id='word_1_101' title='bbox 1623 1287 1660 1327; x_wconf 87' lang='lat' dir='ltr'><em>in</em></span> 
     </span>
     <span class='ocr_line' id='line_1_17' title="bbox 346 1345 1660 1405; baseline -0.002 -13"><span class='ocrx_word' id='word_1_102' title='bbox 346 1349 442 1393; x_wconf 89' lang='lat' dir='ltr'><em>haec</em></span> <span class='ocrx_word' id='word_1_103' title='bbox 476 1357 585 1405; x_wconf 86' lang='lat' dir='ltr'><em>atque</em></span> <span class='ocrx_word' id='word_1_104' title='bbox 618 1348 858 1391; x_wconf 84' lang='lat' dir='ltr'><em>huiuscemodi</em></span> <span class='ocrx_word' id='word_1_105' title='bbox 877 1345 1017 1403; x_wconf 76' lang='lat' dir='ltr'><em>sumtus</em></span> <span class='ocrx_word' id='word_1_106' title='bbox 1037 1381 1047 1400; x_wconf 70' lang='lat'><strong>⁷</strong></span> <span class='ocrx_word' id='word_1_107' title='bbox 1086 1346 1317 1404; x_wconf 85' lang='lat' dir='ltr'><em>percensendi</em></span> <span class='ocrx_word' id='word_1_108' title='bbox 1345 1357 1382 1390; x_wconf 89' lang='lat' dir='ltr'><em>et</em></span> <span class='ocrx_word' id='word_1_109' title='bbox 1413 1351 1449 1391; x_wconf 88' lang='lat' dir='ltr'><em>in</em></span> <span class='ocrx_word' id='word_1_110' title='bbox 1481 1361 1660 1390; x_wconf 89' lang='lat' dir='ltr'><em>commen-</em></span> 
     </span>
     <span class='ocr_line' id='line_1_18' title="bbox 346 1410 1716 1470; baseline -0.001 -14"><span class='ocrx_word' id='word_1_111' title='bbox 346 1416 463 1456; x_wconf 86' lang='lat' dir='ltr'><em>tarios</em></span> <span class='ocrx_word' id='word_1_112' title='bbox 494 1413 675 1470; x_wconf 71' lang='lat' dir='ltr'><em>referendi</em></span> <span class='ocrx_word' id='word_1_113' title='bbox 692 1410 782 1468; x_wconf 85' lang='lat' dir='ltr'><em>sunt</em></span> <span class='ocrx_word' id='word_1_114' title='bbox 813 1426 945 1455; x_wconf 88' lang='lat' dir='ltr'><em>omnes.</em></span> <span class='ocrx_word' id='word_1_115' title='bbox 1024 1413 1136 1466; x_wconf 84' lang='lat' dir='ltr'><em>Leges</em></span> <span class='ocrx_word' id='word_1_116' title='bbox 1176 1422 1212 1454; x_wconf 89' lang='lat' dir='ltr'><em>et</em></span> <span class='ocrx_word' id='word_1_117' title='bbox 1253 1414 1433 1455; x_wconf 81' lang='lat' dir='ltr'><em>mandata</em></span> <span class='ocrx_word' id='word_1_118' title='bbox 1473 1414 1631 1454; x_wconf 87' lang='lat' dir='ltr'><em>omnibus</em></span> <span class='ocrx_word' id='word_1_119' title='bbox 1649 1447 1660 1466; x_wconf 93' lang='lat'>,</span> <span class='ocrx_word' id='word_1_120' title='bbox 1712 1439 1716 1441; x_wconf 80' lang='grc'><strong>-</strong></span> 
     </span>
     <span class='ocr_line' id='line_1_19' title="bbox 345 1474 1659 1534; baseline 0.001 -16"><span class='ocrx_word' id='word_1_121' title='bbox 345 1480 407 1534; x_wconf 86' lang='lat' dir='ltr'><em>qui</em></span> <span class='ocrx_word' id='word_1_122' title='bbox 440 1479 478 1519; x_wconf 87' lang='lat' dir='ltr'><em>in</em></span> <span class='ocrx_word' id='word_1_123' title='bbox 516 1477 664 1531; x_wconf 83' lang='lat' dir='ltr'><em>officinis</em></span> <span class='ocrx_word' id='word_1_124' title='bbox 696 1486 848 1533; x_wconf 88' lang='lat' dir='ltr'><em>operam</em></span> <span class='ocrx_word' id='word_1_125' title='bbox 868 1483 1026 1528; x_wconf 79' lang='lat' dir='ltr'><em>naziant,</em></span> <span class='ocrx_word' id='word_1_126' title='bbox 1069 1477 1170 1521; x_wconf 78' lang='lat' dir='ltr'><em>dabit</em></span> <span class='ocrx_word' id='word_1_127' title='bbox 1200 1474 1353 1532; x_wconf 76' lang='lat' dir='ltr'><em>Praeses</em></span> <span class='ocrx_word' id='word_1_128' title='bbox 1373 1512 1384 1531; x_wconf 85' lang='lat'>,</span> <span class='ocrx_word' id='word_1_129' title='bbox 1417 1490 1484 1532; x_wconf 84' lang='lat' dir='ltr'><em>quo</em></span> <span class='ocrx_word' id='word_1_130' title='bbox 1512 1479 1659 1534; x_wconf 85' lang='lat' dir='ltr'><em>quisque</em></span> 
     </span>
     <span class='ocr_line' id='line_1_20' title="bbox 329 1540 1446 1599; baseline 0.001 -15"><span class='ocrx_word' id='word_1_131' title='bbox 329 1540 443 1597; x_wconf 88' lang='lat' dir='ltr'><em>sciat</em></span> <span class='ocrx_word' id='word_1_132' title='bbox 464 1573 477 1596; x_wconf 87' lang='lat'>‚</span> <span class='ocrx_word' id='word_1_133' title='bbox 512 1542 603 1598; x_wconf 82' lang='lat' dir='ltr'><em>quid</em></span> <span class='ocrx_word' id='word_1_134' title='bbox 617 1542 694 1599; x_wconf 82' lang='lat' dir='ltr'><em>stbz·</em></span> <span class='ocrx_word' id='word_1_135' title='bbox 711 1540 930 1597; x_wconf 78' lang='lat' dir='ltr'><em>faciendum</em></span> <span class='ocrx_word' id='word_1_136' title='bbox 948 1574 960 1595; x_wconf 88' lang='lat'>,</span> <span class='ocrx_word' id='word_1_137' title='bbox 994 1541 1123 1597; x_wconf 85' lang='lat' dir='ltr'><em>quidue</em></span> <span class='ocrx_word' id='word_1_138' title='bbox 1163 1543 1359 1586; x_wconf 84' lang='lat' dir='ltr'><em>vitandum</em></span> <span class='ocrx_word' id='word_1_139' title='bbox 1375 1543 1446 1598; x_wconf 81' lang='lat' dir='ltr'><em>stt.</em></span> 
     </span>
    </p>
   </div>
   <div class='ocr_carea' id='block_1_9' title="bbox 327 1673 1659 2109">
    <p class='ocr_par' dir='ltr' id='par_1_9' title="bbox 971 1673 1045 1722">
     <span class='ocr_line' id='line_1_21' title="bbox 971 1673 1045 1722; baseline 0.014 -12"><span class='ocrx_word' id='word_1_140' title='bbox 971 1673 1045 1722; x_wconf 82' lang='lat'><em>64.</em></span> 
     </span>
    </p>

    <p class='ocr_par' dir='ltr' id='par_1_10' title="bbox 327 1744 1659 2059">
     <span class='ocr_line' id='line_1_22' title="bbox 466 1744 1659 1803; baseline -0.001 -16"><span class='ocrx_word' id='word_1_141' title='bbox 466 1745 514 1787; x_wconf 90' lang='lat' dir='ltr'><em>In</em></span> <span class='ocrx_word' id='word_1_142' title='bbox 549 1757 658 1786; x_wconf 87' lang='lat' dir='ltr'><em>manu</em></span> <span class='ocrx_word' id='word_1_143' title='bbox 689 1744 877 1802; x_wconf 77' lang='lat' dir='ltr'><em>Praessdis</em></span> <span class='ocrx_word' id='word_1_144' title='bbox 903 1746 1055 1801; x_wconf 85' lang='lat' dir='ltr'><em>posttum</em></span> <span class='ocrx_word' id='word_1_145' title='bbox 1094 1745 1141 1803; x_wconf 79' lang='lat' dir='ltr'><em>est</em></span> <span class='ocrx_word' id='word_1_146' title='bbox 1159 1779 1170 1799; x_wconf 89' lang='lat'>,</span> <span class='ocrx_word' id='word_1_147' title='bbox 1214 1744 1310 1801; x_wconf 70' lang='lat' dir='ltr'><em>hisce</em></span> <span class='ocrx_word' id='word_1_148' title='bbox 1329 1745 1480 1803; x_wconf 85' lang='lat' dir='ltr'><em>statutis</em></span> <span class='ocrx_word' id='word_1_149' title='bbox 1514 1752 1586 1802; x_wconf 91' lang='lat' dir='ltr'><em>pro</em></span> <span class='ocrx_word' id='word_1_150' title='bbox 1617 1757 1659 1787; x_wconf 83' lang='lat' dir='ltr'><em>re</em></span> 
     </span>
     <span class='ocr_line' id='line_1_23' title="bbox 346 1809 1658 1867; baseline 0.001 -17"><span class='ocrx_word' id='word_1_151' title='bbox 346 1815 439 1850; x_wconf 84' lang='lat' dir='ltr'><em>nata</em></span> <span class='ocrx_word' id='word_1_152' title='bbox 474 1809 537 1851; x_wconf 81' lang='lat' dir='ltr'><em>vel</em></span> <span class='ocrx_word' id='word_1_153' title='bbox 567 1809 710 1864; x_wconf 85' lang='lat' dir='ltr'><em>aliquid</em></span> <span class='ocrx_word' id='word_1_154' title='bbox 741 1811 881 1852; x_wconf 86' lang='lat' dir='ltr'><em>addere</em></span> <span class='ocrx_word' id='word_1_155' title='bbox 916 1810 984 1851; x_wconf 82' lang='lat' dir='ltr'><em>vel</em></span> <span class='ocrx_word' id='word_1_156' title='bbox 1017 1812 1208 1852; x_wconf 83' lang='lat' dir='ltr'><em>immutare</em></span> <span class='ocrx_word' id='word_1_157' title='bbox 1232 1809 1396 1852; x_wconf 83' lang='lat' dir='ltr'><em>nonnulla</em></span> <span class='ocrx_word' id='word_1_158' title='bbox 1416 1844 1427 1863; x_wconf 82' lang='lat'>,</span> <span class='ocrx_word' id='word_1_159' title='bbox 1446 1811 1487 1867; x_wconf 82' lang='lat' dir='ltr'><em>st</em></span> <span class='ocrx_word' id='word_1_160' title='bbox 1516 1811 1658 1865; x_wconf 82' lang='lat' dir='ltr'><em>quidem</em></span> 
     </span>
     <span class='ocr_line' id='line_1_24' title="bbox 347 1873 1658 1931; baseline 0.002 -17"><span class='ocrx_word' id='word_1_161' title='bbox 347 1876 492 1917; x_wconf 79' lang='lat' dir='ltr'><em>artibus</em></span> <span class='ocrx_word' id='word_1_162' title='bbox 535 1873 809 1928; x_wconf 72' lang='lat' dir='ltr'><em>amplificandis</em></span> <span class='ocrx_word' id='word_1_163' title='bbox 844 1875 912 1931; x_wconf 88' lang='lat' dir='ltr'><em>ista</em></span> <span class='ocrx_word' id='word_1_164' title='bbox 945 1875 1141 1917; x_wconf 84' lang='lat' dir='ltr'><em>conducere</em></span> <span class='ocrx_word' id='word_1_165' title='bbox 1171 1882 1208 1917; x_wconf 89' lang='lat' dir='ltr'><em>et</em></span> <span class='ocrx_word' id='word_1_166' title='bbox 1238 1889 1258 1916; x_wconf 90' lang='lat' dir='ltr'><em>e</em></span> <span class='ocrx_word' id='word_1_167' title='bbox 1288 1874 1475 1929; x_wconf 87' lang='lat' dir='ltr'><em>republica</em></span> <span class='ocrx_word' id='word_1_168' title='bbox 1515 1874 1658 1916; x_wconf 86' lang='lat' dir='ltr'><em>littera·</em></span> 
     </span>
     <span class='ocr_line' id='line_1_25' title="bbox 348 1936 1658 1996; baseline -0.001 -17"><span class='ocrx_word' id='word_1_169' title='bbox 348 1939 411 1979; x_wconf 83' lang='lat' dir='ltr'><em>ria</em></span> <span class='ocrx_word' id='word_1_170' title='bbox 444 1936 509 1993; x_wconf 68' lang='lat' dir='ltr'><em>este</em></span> <span class='ocrx_word' id='word_1_171' title='bbox 543 1941 778 1992; x_wconf 72' lang='lat' dir='ltr'><em>cognouerit3</em></span> <span class='ocrx_word' id='word_1_172' title='bbox 816 1940 915 1981; x_wconf 89' lang='lat' dir='ltr'><em>modo</em></span> <span class='ocrx_word' id='word_1_173' title='bbox 948 1952 992 1980; x_wconf 91' lang='lat' dir='ltr'><em>ne</em></span> <span class='ocrx_word' id='word_1_174' title='bbox 1022 1952 1068 1980; x_wconf 88' lang='lat' dir='ltr'><em>ea</em></span> <span class='ocrx_word' id='word_1_175' title='bbox 1086 1939 1194 1991; x_wconf 80' lang='lat' dir='ltr'><em>fiant</em></span> <span class='ocrx_word' id='word_1_176' title='bbox 1212 1940 1295 1996; x_wconf 81' lang='lat' dir='ltr'><em>stne</em></span> <span class='ocrx_word' id='word_1_177' title='bbox 1319 1938 1545 1992; x_wconf 80' lang='lat' dir='ltr'><em>grauissimis</em></span> <span class='ocrx_word' id='word_1_178' title='bbox 1570 1950 1658 1980; x_wconf 83' lang='lat' dir='ltr'><em>cau-</em></span> 
     </span>
     <span class='ocr_line' id='line_1_26' title="bbox 327 2001 1657 2059; baseline -0.002 -15"><span class='ocrx_word' id='word_1_179' title='bbox 327 2057 330 2059; x_wconf 16' lang='grc' dir='ltr'><strong>Δ</strong></span> <span class='ocrx_word' id='word_1_180' title='bbox 330 2002 405 2057; x_wconf 86' lang='lat' dir='ltr'><em>fis.</em></span> <span class='ocrx_word' id='word_1_181' title='bbox 474 2001 574 2044; x_wconf 86' lang='lat' dir='ltr'><em>Illud</em></span> <span class='ocrx_word' id='word_1_182' title='bbox 603 2015 714 2045; x_wconf 81' lang='lat' dir='ltr'><em>vnum</em></span> <span class='ocrx_word' id='word_1_183' title='bbox 753 2006 874 2046; x_wconf 89' lang='lat' dir='ltr'><em>animo</em></span> <span class='ocrx_word' id='word_1_184' title='bbox 908 2005 981 2045; x_wconf 84' lang='lat' dir='ltr'><em>eius</em></span> <span class='ocrx_word' id='word_1_185' title='bbox 1008 2005 1153 2059; x_wconf 85' lang='lat' dir='ltr'><em>penitus</em></span> <span class='ocrx_word' id='word_1_186' title='bbox 1184 2004 1333 2056; x_wconf 80' lang='lat' dir='ltr'><em>infixum</em></span> <span class='ocrx_word' id='word_1_187' title='bbox 1366 2002 1525 2046; x_wconf 87' lang='lat' dir='ltr'><em>haerere</em></span> <span class='ocrx_word' id='word_1_188' title='bbox 1543 2002 1657 2054; x_wconf 86' lang='lat' dir='ltr'><em>debet,</em></span> 
     </span>
    </p>

    <p class='ocr_par' dir='ltr' id='par_1_11' title="bbox 1586 2078 1658 2109">
     <span class='ocr_line' id='line_1_27' title="bbox 1586 2078 1658 2109; baseline -0.014 -1"><span class='ocrx_word' id='word_1_189' title='bbox 1586 2078 1658 2109; x_wconf 86' lang='lat' dir='ltr'><em>an-</em></span> 
     </span>
    </p>
   </div>
  </div>
 </body>
</html>
