1820 2506
723 200 755 262 )(
791 213 845 257 75
883 202 916 262 )(

159 322 230 361 n'ae
271 332 405 362 veram
442 318 614 374 respectu
647 319 846 374 eclipticae
865 352 876 372 ‚
908 318 1152 361 latitudinem
1190 317 1301 360 lunae
1342 316 1477 362 borea-

157 386 234 426 lem
253 418 264 438 ,
295 386 583 426 inclinationem
610 386 756 426 orbitae
790 384 913 425 lunae
935 385 1035 425 visae
1078 384 1125 425 ad
1164 384 1349 425 circulum
1393 386 1477 426 lati-

156 450 296 490 tudinis
330 453 455 491 versus
488 450 680 492 orientem
702 484 712 504 ,
747 449 976 504 parallaxim
1008 449 1120 489 lunae
1153 447 1441 491 horizontalem
1463 479 1476 502 ‚

157 514 384 556 diametrum
418 515 530 556 lunae
561 514 849 556 horizontalem
882 523 923 555 et
953 513 1184 556 diametrum
1223 514 1323 555 solis.

273 641 446 684 Maculas
478 641 566 683 solis
595 641 636 682 in
667 641 744 683 sole
777 643 994 697 conspicuas
1012 642 1116 698 quod
1135 644 1270 684 attinet
1290 676 1301 697 ,
1335 642 1475 684 harum

156 705 364 762 positiones
405 707 495 749 dum
537 707 667 748 diebus
712 720 783 759 24.
827 716 865 747 et
910 719 982 758 25.
1027 708 1115 749 hor.
1161 721 1274 763 pom.
1308 707 1480 763 respectu

156 772 246 812 disci
279 781 318 812 et
353 771 526 812 diametri
558 771 643 813 solis
672 785 746 827 per
779 773 953 826 appulsus
974 773 977 776 ’
1002 772 1214 814 limborum
1261 773 1344 815 solis
1393 782 1470 813 etc.

156 835 426 877 determinatas
460 836 612 877 adducit
632 870 643 890 ‚
678 846 717 877 et
747 836 881 890 postea
912 837 1085 891 appulsus
1115 837 1226 877 limbi
1261 837 1398 878 lunaris
1429 837 1479 877 ad

162 900 369 942 nonnullas
423 901 591 944 maculas
650 901 809 942 durante
869 901 997 957 eclipsi
1047 900 1260 942 obseruatas
1311 901 1345 951 §.
1405 911 1474 949 13.

157 963 280 1006 affert.

276 1047 311 1097 §-
350 1061 418 1099 14.
454 1048 614 1090 tandem
646 1056 935 1091 commemorat
965 1047 1002 1090 se
1034 1056 1215 1103 tempore
1247 1046 1481 1090 obseruatio·

156 1111 215 1152 nis
255 1114 451 1154 maximae
493 1114 592 1155 circa
631 1127 716 1155 eam
758 1115 958 1168 regionem
991 1114 1172 1168 marginis
1204 1113 1342 1154 lunaris
1362 1143 1373 1164 ‚
1414 1113 1480 1167 qui

157 1186 269 1218 extra
300 1177 385 1219 solis
419 1177 562 1219 discum
597 1179 730 1220 extitit
749 1211 759 1231 ,
795 1188 834 1219 et
866 1191 1012 1220 cornua
1052 1179 1093 1218 in
1135 1178 1353 1233 peripheria
1394 1177 1480 1218 solis

159 1240 334 1278 definiuir
356 1273 366 1289 ‚
399 1254 469 1278 nec.
502 1242 627 1279 vllimi
663 1243 795 1281 lumen
833 1256 903 1278 nec
937 1243 1117 1278 annulum
1153 1243 1323 1280 lucidum
1357 1242 1476 1290 cuiusf

158 1301 270 1344 modi
303 1313 354 1341 ex
388 1300 652 1354 atmosphaera
684 1300 796 1341 lunae
828 1301 894 1342 vel
926 1301 1142 1342 inflexione
1159 1301 1358 1343 radiorum
1383 1302 1478 1344 sola-

157 1366 257 1410 rium
292 1364 338 1405 ad
371 1364 482 1404 istam
526 1364 638 1405 lunae
668 1366 881 1417 marginem
920 1364 1148 1418 oriundum,
1181 1365 1272 1406 alias
1304 1367 1480 1421 suspicari

159 1427 332 1481 licuisset,
367 1441 437 1483 per
455 1427 589 1469 tubum
624 1428 829 1469 machinae
861 1428 1128 1482 parallafficae
1153 1429 1377 1484 impolitum
1397 1432 1478 1473 ani-

156 1494 397 1535 maduertere
428 1492 591 1548 potuiffe
610 1526 621 1547 ,
656 1505 798 1534 cornua
831 1493 963 1548 potius
996 1494 1153 1549 optime
1187 1495 1391 1536 terminata
1409 1509 1478 1551 ap-

158 1556 336 1614 paruisse.

275 1638 419 1693 Neque
468 1638 508 1679 in
558 1636 638 1680 fine
689 1639 834 1694 eclipsis
879 1636 1011 1679 lunam
1038 1671 1048 1691 ‚
1102 1639 1253 1695 penitus
1302 1652 1325 1681 e
1375 1639 1480 1683 disco

155 1702 245 1744 solis
275 1702 461 1757 egressam
482 1736 493 1755 ‚
536 1704 581 1744 ad
616 1705 828 1758 marginem
864 1703 973 1744 limbi
1006 1703 1092 1745 solis
1123 1704 1247 1745 adhuc
1300 1705 1478 1746 maxime

158 1768 332 1809 vicinum
367 1769 556 1809 eiusmodi
590 1768 721 1809 lumen
756 1782 827 1823 per
865 1768 999 1808 tubum
1034 1767 1316 1823 Gregorianum
1350 1770 1478 1810 osten-

160 1830 253 1873 diffe
273 1866 283 1885 ⁷
324 1833 417 1872 licet
451 1842 553 1873 totus
586 1832 661 1873 fere
692 1833 747 1874 sol
778 1842 888 1874 extra
914 1845 1095 1886 campum
1127 1834 1481 1887 repraesentationis

159 1896 239 1936 tubi
258 1895 398 1950 positus
439 1897 549 1937 fuerit
567 1929 577 1948 ,
625 1907 670 1940 vt
704 1898 896 1941 eiusmodi
927 1897 1061 1940 lumen
1081 1931 1092 1953 ‚
1132 1899 1160 1943 si
1193 1898 1297 1953 quod
1316 1898 1481 1953 daretur,

159 1960 325 2002 sensibile
358 1959 462 2004 effici
497 1960 630 2017 possit.

1401 2091 1482 2132 Ve-
