1820 2506
694 202 726 261 )(
763 213 818 254 73
856 203 890 254 )(

159 310 499 355 CONTINVATIO
526 311 939 351 OBSERVATJONVM
966 308 1425 350 ASTRONOMICARVM

322 366 445 416 Lipsiae
474 364 643 401 habitarum
674 371 774 407 1746.
802 367 833 400 st.
862 378 891 400 n.
920 362 1012 400 Aue.
1042 363 1088 400 G.
1114 361 1257 399 Heinsio.

132 458 254 555 Hic
288 463 444 502 vnicam
476 459 598 501 adhuc
633 459 886 500 emersionem
925 471 943 497 1
983 457 1153 500 satellitis
1186 459 1223 500 d.
1251 472 1321 499 12.
1343 460 1448 515 Aug.

252 526 490 567 obseruatam
524 534 562 564 et
594 523 753 577 eclipsin
786 524 898 564 lunae
930 523 1127 576 partialem
1161 523 1198 564 d.
1239 534 1310 571 30.
1342 525 1446 579 Aug.

139 593 268 640 1746.
303 603 324 630 a
355 590 391 630 se
412 587 661 642 conspee‘tam
697 587 859 627 exhibet
895 584 956 626 Cl.
995 587 1197 641 Heinsius,
1232 588 1279 628 de
1321 590 1455 643 quibus

132 653 197 693 hic
240 654 364 694 dicere
405 652 460 692 nil
503 652 639 691 attinet
656 683 666 702 ‚
707 652 894 704 quoniam
937 651 1018 691 iam
1059 651 1166 705 supra
1207 652 1370 693 lectores
1403 653 1450 695 ad

132 715 446 758 Commentarios
482 715 581 768 ipius
611 715 760 754 ratione
795 715 904 756 huius
938 724 979 755 et
1011 725 1224 758 ceterarum
1255 717 1308 758 ibi
1340 730 1450 759 com-

131 789 433 822 memoratarum
467 777 778 820 obseruationum
812 779 1076 832 ablegauimus.

278 934 625 973 CONTINVATIO
665 932 1085 972 OBSERVATIONVM
1121 934 1298 974 LIPSIAE

577 986 753 1023 habitarum
788 997 889 1028 1747.
915 989 947 1022 st.
976 999 1006 1021 n.

129 1077 293 1175 Pergit
326 1079 387 1123 Cl.
423 1080 575 1123 Auitor
592 1095 681 1124 cum
700 1081 912 1123 Academia
939 1081 1252 1135 communicare,
1286 1094 1375 1136 quas
1393 1083 1450 1124 iis-

229 1147 319 1187 dem
353 1145 610 1187 instrumentis
632 1178 643 1199 ,
679 1159 774 1200 quae
807 1146 848 1186 in
882 1146 1063 1199 superiori
1096 1143 1358 1187 differt-atione
1385 1148 1454 1187 de·

127 1209 317 1263 scripserat
346 1219 386 1250 et
418 1211 482 1251 sub
513 1212 652 1252 eodem
686 1210 884 1264 telescopii
918 1219 1101 1263 apparatu
1134 1210 1345 1251 ola-seruauit
1364 1212 1452 1251 duas

129 1272 356 1313 emeifiones
399 1286 416 1309 1
464 1273 631 1311 ffitelliris
677 1274 813 1322 louis,
845 1274 981 1311 deinde
1014 1285 1106 1324 quas
1136 1274 1235 1312 circa
1255 1274 1456 1314 solstitium

132 1335 305 1377 brumale
355 1334 517 1375 instituit
572 1334 852 1375 obseruationes
903 1333 1145 1375 altitudinum
1186 1335 1272 1376 solis
1313 1337 1422 1377 affert
1439 1369 1452 1390 ,

130 1408 169 1439 et
202 1398 346 1439 collatis
376 1399 476 1438 inter
518 1395 554 1436 se
585 1397 896 1451 praecedentibus
936 1397 1259 1441 obseruationibus
1276 1432 1288 1453 ,
1330 1400 1455 1442 eleua-

127 1462 279 1505 tionem
316 1460 401 1516 poli
436 1460 670 1516 Lipfiensem
707 1453 796 1511 51⁰.
842 1455 918 1500 22!
934 1467 952 1513 ὲ
992 1461 1088 1517 figit.

245 1589 368 1632 Porro
401 1590 564 1632 exhibet
581 1623 592 1643 ,
634 1602 724 1645 quas
754 1590 802 1631 de
835 1590 948 1631 stellis
991 1590 1230 1632 variabih'bus
1274 1594 1314 1634 in
1358 1607 1453 1638 con-

129 1653 339 1697 stellatione
371 1653 500 1709 Cygni
534 1655 770 1697 nominatim
804 1655 844 1696 P.
879 1664 918 1695 et
952 1667 981 1696 x
1015 1653 1155 1708 Bayeri
1189 1657 1345 1698 instituit
1378 1661 1455 1701 ob-

128 1719 381 1774 seruationes,
426 1733 513 1761 cum
566 1719 612 1760 iis
630 1752 642 1771 ,
693 1731 790 1774 quae
820 1733 841 1761 a
882 1716 945 1759 Cl.
999 1720 1240 1763 Astronomo
1287 1722 1449 1781 Godosr.

131 1782 286 1825 Kirchio
312 1794 349 1824 et
366 1781 550 1828 Maraldi
568 1783 718 1825 habitae
736 1782 836 1836 sunt,
882 1782 1242 1838 reuolutionemque
1261 1789 1452 1831 variabilis

131 1847 171 1887 in
220 1847 327 1888 collo
370 1847 501 1903 Cygni
540 1860 571 1890 x
610 1847 687 1889 scil,
730 1848 869 1903 queri
909 1849 1073 1890 rotunde
1120 1861 1205 1901 405
1223 1856 1252 1899 ξ.
1297 1852 1448 1895 dierum

131 1911 373 1956 determinat.

247 2016 423 2059 Tandem
456 2016 645 2072 subiungit
676 2017 876 2060 nonnullas
907 2017 1188 2061 obseruationes
1210 2021 1453 2063 meteorolo-

124 2080 227 2138 gicas
242 2081 468 2126 exhibentes
485 2084 702 2127 maximam
722 2083 932 2126 barometri
970 2084 1210 2127 altitudinem
1237 2087 1454 2128 extraordi-

777 2148 808 2192 k
1301 2151 1447 2193 nariam
