1820 2506
94 192 422 244 SECVNDVM
432 191 603 258 QVAM
610 190 805 243 CALOR
819 189 1096 242 FLanN
1103 190 1221 240 VAS.
1224 196 1307 248 ὢν
1331 207 1383 251 17
1390 211 1418 252 ς

222 314 279 365 5.
303 325 362 368 3.
397 315 519 358 Ante
539 316 675 358 omnia
716 328 806 359 cum
845 313 1137 361 thermometris
1177 316 1265 371 ipfis
1281 349 1293 370 ‚
1335 318 1419 373 qui·

96 378 174 426 bus
191 392 281 422 vsus
314 380 395 422 sum
412 413 425 434 ,
466 381 704 436 periculum
727 380 849 423 facere
888 379 1101 433 constitui,
1142 389 1190 434 vg
1230 382 1422 424 constaret

95 453 287 500 quantum
317 446 365 487 iis
395 444 595 489 fidendum
628 443 725 487 esset
755 447 796 487 in
829 445 1151 487 obseruationibus
1167 445 1423 501 sequentibus,

563 517 860 599 Experim.
904 515 944 577 I.

243 599 592 649 Thermonietrum
632 606 807 660 primurn
857 615 938 647 erat
978 605 1204 662 mercuriaie
1251 599 1421 659 Fahreri÷

91 667 303 713 heitianum
338 671 385 712 ab
399 665 403 670 ’
417 670 580 712 artificie
612 670 959 712 Amstelodamenfi
999 671 1106 712 Prius
1148 672 1229 713 rite*
1248 671 1420 729 constru<

90 735 220 789 «stum,
253 736 359 777 cuius
391 734 525 776 bulbus
557 735 782 776 coniformis
813 744 989 790 quartam
1024 744 1175 789 partem
1193 737 1344 778 circiter
1361 737 1401 777 di
1413 765 1421 769 Δ

89 799 160 856 giti
193 798 318 841 cubici
350 799 577 855 occupabat.
642 798 747 841 Illud
780 800 1012 856 temperiem
1047 803 1120 853 64.
1147 814 1204 856 gr.
1240 802 1420 845 consecu-

90 874 175 906 tum
206 865 248 906 in
282 865 473 920 temperie
506 865 600 906 aeris
632 877 706 916 40.
752 877 809 919 gr.

89 927 189 984 post.
230 939 302 978 30.
338 930 436 971 min.
472 923 531 984 pr.
567 928 788 970 ostendebat
819 942 878 983 gr.
915 940 989 979 42.
1069 925 1177 972 Calc.

89 993 190 1050 post.
226 997 301 1034 60.
337 995 434 1035 min.
471 1006 532 1049 pr.
588 1008 657 1025 -·-
693 1018 711 1024 -
746 1018 762 1025 -
815 1005 870 1047 gr.
909 1005 982 1044 40.
1060 1000 1259 1044 40-1—2.

515 1067 866 1148 *Exeperim
910 1065 974 1125 ΙΙ.

238 1155 352 1198 Idem
383 1156 422 1197 T
425 1155 734 1198 hermometrum
767 1169 789 1196 a
821 1155 939 1210 gradu
972 1153 1109 1196 caloris
1134 1155 1420 1213 quadragesimo

91 1221 132 1262 in
166 1221 357 1275 temperie
390 1221 484 1262 aeris
516 1224 589 1273 64..
625 1234 682 1276 gr.
727 1220 953 1264 ostendebat

89 1283 178 1340 post
215 1297 285 1325 10.
321 1285 419 1327 min.
456 1298 516 1339 pr.
553 1299 609 1341 gr.
652 1295 708 1336 50
841 1281 947 1326 Calc.

91 1348 181 1404 1³0st
215 1361 284 1389 20·
356 1375 372 1380 -
455 1374 473 1380 -
555 1373 571 1382 -
643 1360 698 1401 55
737 1375 755 1381 -
789 1375 806 1382 -
844 1356 954 1400 55}-

90 1413 178 1469 post
214 1425 285 1463 30.
356 1440 373 1446 -
456 1439 473 1444 -
561 1441 579 1446 -
649 1421 704 1465 58
742 1440 760 1445 -
792 1440 809 1446 -
846 1421 952 1466 59ἑ,

89 1478 178 1533 post
212 1490 288 1529 40,
355 1503 375 1510 -
459 1504 476 1510 -
560 1506 574 1512 -
640 1483 700 1519 60
737 1504 754 1510 -
790 1504 807 1511 -
840 1482 896 1518 61
917 1485 947 1528 ξς,

90 1542 177 1597 post
209 1546 284 1583 60„
353 1569 372 1575 -
454 1569 473 1574 -
555 1570 573 1576 -
636 1546 698 1594 64
733 1568 750 1574 -
785 1568 802 1574 -
834 1546 891 1592 63
913 1551 979 1594 3¹³3.

240 1608 276 1658 ξ.
309 1621 352 1659 4.
390 1604 549 1649 Collato
583 1608 777 1662 experim.
814 1607 848 1648 Ι.
896 1617 935 1648 et
974 1609 1029 1652 ΙΙ.
1074 1610 1207 1653 videre
1248 1611 1340 1652 licet
1379 1609 1420 1669 1)

93 1671 304 1714 decrescere
335 1671 612 1713 thermometri
647 1672 817 1713 calorem
852 1685 873 1713 a
906 1685 963 1726 gr.
1002 1678 1063 1726 64
1096 1675 1143 1716 ad
1176 1688 1232 1729 gr.
1270 1688 1328 1727 40
1356 1689 1414 1717 ae-

90 1736 140 1777 ris
171 1736 371 1778 ambientis
403 1737 545 1779 eodem
577 1737 697 1778 ferme
730 1745 909 1790 tempore
927 1770 938 1791 ,
973 1752 1052 1793 quo
1094 1739 1200 1780 calor
1240 1740 1416 1781 thermo-

94 1802 215 1841 metri
245 1812 268 1841 a
299 1813 355 1854 gr.
391 1811 452 1851 40
486 1802 535 1842 ad
568 1814 623 1856 gr.
661 1804 734 1853 64.
772 1801 903 1842 crescit
934 1804 974 1844 in
1008 1805 1197 1858 temperie
1230 1805 1327 1845 aeris
1344 1807 1416 1856 64.

99 1875 155 1918 gr.
200 1865 227 1905 i.
269 1876 307 1905 e.
349 1861 503 1920 exceffits
543 1865 677 1908 caloris
715 1866 817 1908 aeris
835 1861 950 1921 super
979 1867 1137 1910 calorem
1155 1901 1166 1921 ‚
1198 1880 1301 1923 quem
1317 1867 1418 1911 ther.

97 1935 304 1971 mometrum
351 1929 499 1986 (stendit
530 1962 542 1983 ‚
601 1932 881 1971 communicatur
927 1944 1007 1973 cum
1054 1931 1308 1974 thermometro
1354 1941 1423 1989 per

96 1992 194 2034 idem
240 2000 376 2049 tempus
395 2026 406 2046 ,
453 2005 520 2049 quo
556 1995 657 2049 perit
698 1996 736 2036 in
776 2005 864 2035 aere
883 2026 894 2047 ,
937 1998 997 2050 qui
1036 1998 1246 2053 temperiem
1279 1995 1392 2039 habet
1410 2031 1421 2052 ‚

95 2059 314 2113 temperiei,
362 2069 470 2114 quam
518 2057 812 2103 thermometrum
862 2059 913 2102 ab
964 2062 1064 2104 initio
1114 2060 1276 2105 habebat
1302 2094 1315 2117 ,
1360 2075 1424 2103 ae-

94 2121 247 2177 qualem.

1317 2188 1360 2248 2)
1378 2187 1419 2234 Si
