1820 2506
347 208 439 251 274
759 193 843 237 DE
874 188 1046 237 MOTV
1065 191 1237 238 AEffls

346 330 416 358 nus
434 317 547 357 irruet
567 315 605 354 in
622 324 839 368 aperturam
860 315 898 355 A
918 313 1024 367 putei
1044 312 1126 353 AB
1145 346 1155 366 ‚
1199 326 1240 353 ac
1267 312 1395 367 illum,
1436 311 1498 369 qui
1516 321 1660 356 ceteras

345 390 469 435 partes
503 380 652 419 fodinae
684 390 847 434 occupat
881 390 949 432 per
980 386 1197 431 aperturam
1232 375 1267 417 C
1310 379 1507 431 protrudet
1545 379 1656 420 foras.

346 446 401 487 Et
435 445 618 498 quoniam
651 455 712 484 aer
743 443 912 484 fodinam
947 440 1126 494 ingressus
1160 442 1303 494 hyeme
1339 442 1503 482 redditur
1543 442 1661 496 speci-

345 510 417 549 fice
452 508 602 561 grauior
635 517 800 548 externo
835 505 884 562 (ξ,
926 504 1014 561 14.)
1058 507 1305 561 quamobrem
1347 506 1493 559 semper
1536 508 1665 559 aequi-

346 573 460 614 librio
493 571 637 611 sublato
670 584 733 611 aer
765 571 943 623 hyberno
963 579 1141 624 tempore
1176 572 1216 611 in
1251 578 1411 626 puteum
1444 568 1667 613 humiorem

347 637 482 678 influet
501 669 512 688 ‚
548 647 600 677 ex
634 634 771 676 altiore
801 635 946 676 effluet.
982 635 1035 692 Q.
1072 634 1122 675 E.
1159 634 1217 675 D.

769 714 1163 775 Corollarium.
1206 738 1243 773 1.

489 806 524 854 §.
565 817 633 844 21.
671 804 869 858 Quoniam
904 803 1034 844 fodina
1068 804 1097 844 F
1117 802 1156 845 G
1175 804 1213 844 H
1233 802 1269 843 K
1305 802 1438 843 eadem
1456 802 1601 842 ratione
1619 804 1675 846 est

353 879 575 923 comparata
594 903 604 921 ,
638 878 684 909 vt
716 867 846 909 fodina
887 868 926 909 A
946 866 981 907 B
1001 865 1035 907 C
1054 868 1111 920 E,
1154 868 1335 908 nimirum
1361 879 1446 920 pars
1486 867 1525 907 H
1544 865 1572 906 P
1606 881 1677 909 co·

353 934 507 975 lumnae
523 935 616 973 aeris
634 932 680 972 ad
698 931 936 985 superficiem
955 931 1241 985 atmosphaerae
1259 930 1510 983 exporrestae
1529 962 1540 981 ,
1566 943 1676 986 aper-

354 1006 459 1038 turae
493 997 531 1037 H
567 996 763 1037 infistentis
781 1029 792 1049 ,
825 1005 1005 1050 tempore
1039 995 1201 1036 brumali
1233 995 1287 1035 est
1320 993 1491 1047 specifice
1524 997 1683 1046 grauior

356 1070 464 1115 parte
499 1059 538 1103 G
558 1060 593 1101 K
613 1093 624 1112 ,
660 1072 756 1114 quae
789 1060 912 1113 replet
930 1069 1092 1112 puteum
1118 1059 1356 1099 interiectum
1374 1090 1385 1109 ,
1427 1061 1682 1112 quamobrem

355 1138 422 1165 aer
455 1124 632 1174 hyberno
665 1133 847 1175 tempore
881 1122 1097 1163 infimdetur
1128 1123 1169 1162 in
1201 1121 1420 1162 cuniculum
1453 1120 1688 1176 inferiorem,

359 1199 412 1229 ex
445 1186 636 1241 superiore
670 1186 883 1240 egredietur

766 1264 1149 1325 Corollarium
1190 1283 1237 1325 ρ.

501 1358 536 1407 ξ.
577 1368 648 1397 22.
686 1356 768 1397 Aer
801 1365 982 1397 externus
1016 1356 1203 1396 continuo
1236 1348 1444 1406 ingreditur
1476 1351 1517 1392 in
1551 1357 1692 1404 puteos

363 1432 405 1466 et
438 1421 635 1463 cuniculos
668 1421 860 1461 inferiores
878 1453 890 1473 ,
924 1433 977 1461 ex
1010 1418 1258 1473 superioribus
1299 1417 1487 1470 egreditur
1505 1448 1517 1468 ‚
1556 1425 1687 1468 quam-

367 1489 433 1528 diu
463 1495 594 1527 manet
629 1484 804 1539 specifice
837 1485 989 1538 grauior
1021 1485 1174 1524 interno
1192 1516 1202 1536 ,
1237 1480 1507 1535 consequenter
1523 1478 1591 1519 vbi
1616 1477 1691 1527 hy-

368 1563 451 1592 ems
484 1549 651 1603 pluribus
684 1549 873 1588 mensibus
906 1549 1128 1588 dominatur
1146 1579 1157 1598 ,
1191 1547 1244 1586 ibi
1275 1545 1390 1585 etiam
1432 1552 1563 1584 motus
1601 1541 1693 1580 aeris

371 1616 419 1656 ab
470 1622 645 1667 apertura
691 1611 869 1652 inferiore
921 1612 1048 1652 versus
1094 1609 1327 1664 superiorem
1385 1607 1524 1647 diutius
1581 1604 1693 1645 dura-

372 1691 415 1720 re
449 1677 559 1718 debet
595 1710 606 1729 ,
660 1689 775 1730 quam
825 1675 892 1716 vbi
943 1674 1082 1727 hyems
1134 1673 1187 1714 est
1238 1672 1389 1713 breuior
1406 1704 1417 1723 ‚
1448 1670 1619 1723 adeoque
1652 1669 1695 1708 in

374 1740 593 1795 regionibus
626 1740 766 1793 frigidis
801 1752 864 1780 aer
904 1748 1082 1779 externus
1122 1738 1287 1791 incipere
1326 1735 1437 1776 debet
1478 1733 1695 1774 fluxionem

376 1820 447 1861 per
472 1805 617 1845 fodinas
649 1804 696 1844 ab
729 1813 904 1858 apertura
937 1804 1042 1857 putei
1074 1802 1156 1842 vel'
1174 1800 1340 1842 cuniculi
1373 1797 1590 1840 humilioris
1607 1809 1698 1836 ver-

375 1872 432 1912 sus
464 1878 681 1923 aperturam
716 1869 822 1922 putei
853 1866 917 1908 vel
949 1866 1112 1907 cuniculi
1132 1865 1277 1906 altioris
1295 1864 1359 1905 sub
1377 1864 1531 1903 initium
1549 1869 1700 1902 autum-

379 1936 420 1976 ni
437 1967 447 1986 ,
489 1946 647 1987 eamque
684 1932 795 1973 finire
834 1932 899 1973 sub
946 1932 1097 1972 exitum
1139 1931 1239 1971 veris
1267 1944 1275 1969 ·.
1318 1927 1381 1968 sub
1420 1927 1528 1967 caelo
1568 1934 1699 1966 autem

381 2006 596 2050 tamperato
637 2006 765 2038 motus
804 1997 869 2037 hic
910 1996 1065 2037 initium
1105 2007 1243 2048 capere
1293 1992 1410 2040 debet
1465 1991 1530 2033 sub
1579 1988 1702 2031 finem

381 2062 584 2114 autumni,
620 2061 685 2103 sub
717 2062 870 2104 initium
903 2061 1002 2103 veris
1042 2056 1195 2101 ceffare.

1621 2114 1707 2163 (Σο,
