1820 2506
196 906 258 944 Fig.
285 904 310 935 6,

338 187 426 226 242
636 169 964 219 ΤΕΝΤΑΜΕΝ
1006 168 1323 219 ΤΗΕΟΜΑΜ

339 306 392 336 ex
423 305 524 349 poro
557 293 796 336 exserentem
816 327 827 347 ,
860 294 917 334 vti
950 293 1049 333 linae
1072 291 1108 349 s
1118 291 1146 334 h
1179 301 1218 332 et
1240 307 1273 346 g
1290 293 1318 335 h
1350 303 1459 348 atque
1490 293 1656 348 reliquae

339 372 361 399 a
394 372 495 412 poro
528 358 557 398 P
575 360 802 399 remotiores
832 355 1099 411 repraesentat·⁷
1128 367 1211 398 tum
1246 369 1381 398 omnes
1411 372 1507 399 aeris
1531 358 1655 398 atomi

340 436 434 478 quae
467 422 674 463 secundum
708 423 774 463 has
803 423 918 462 lineas
952 421 1140 473 tendunt,
1175 422 1388 462 coniunctis
1419 433 1459 462 et
1498 423 1655 476 quidem
1694 448 1698 450 ἡ

340 499 416 542 pro
434 487 580 526 ratione
597 487 699 541 plani
732 486 939 527 maioribus
971 486 1114 526 viribus
1130 495 1283 526 atomos
1298 486 1465 540 reliquas,
1483 499 1578 540 quae
1595 487 1654 526 in-

340 560 397 591 ter
427 550 542 591 lineas
574 563 596 591 72
617 564 653 597 721
674 560 711 590 et
743 563 766 592 r
798 563 820 592 r
860 551 899 590 in
915 563 1058 605 porum
1091 551 1303 604 diriguntur
1323 577 1334 599 ,
1372 549 1556 603 repellere
1588 550 1658 590 dex

338 614 453 668 bent,
487 616 659 669 adeoque
684 616 731 655 ab
760 613 947 669 ingreffu,
982 627 1097 669 quem
1124 615 1164 655 in
1188 613 1296 655 illum
1314 614 1500 655 adornant
1517 645 1528 665 ,
1563 625 1657 666 pro-

338 678 482 721 hibere.
551 680 656 720 Haec
673 679 755 720 fimt
772 681 820 720 de
836 680 878 721 iis
895 713 905 732 ,
947 691 1044 734 quae
1062 678 1422 733 perpendiculariter
1439 678 1479 717 in
1497 676 1659 731 planum

339 744 512 798 corporis
545 744 748 798 incidunt3
782 743 845 784 sed
879 743 1083 798 pleraeque
1115 742 1191 783 fere
1224 755 1359 784 omnes
1392 743 1485 783 aeris
1518 741 1660 794 atomi,

339 820 437 862 quae
470 808 647 862 obliquae
680 808 773 849 illud
805 807 943 849 feriunt
963 841 973 860 ,
1016 806 1182 848 similem
1222 807 1404 848 effectum
1446 805 1662 860 producant

337 869 488 912 neceffe
520 873 586 912 est.
652 872 776 914 Feriat
809 873 911 913 enim
945 880 1096 912 atomus
1136 871 1229 911 aeris
1270 870 1492 925 particulam
1533 870 1571 910 A
1607 880 1662 911 ex

337 950 362 977 a
395 937 434 976 in
467 936 523 990 ἶν’,
558 936 694 977 resiliet
727 937 773 976 ab
806 935 870 975 illa
906 933 1030 975 versus
1061 947 1095 973 c.
1162 934 1350 975 Percutiat
1390 934 1552 988 denique
1591 932 1665 974 alia

339 1009 488 1042 atomus
521 1001 684 1041 eandem
719 999 943 1054 particulam
977 1011 1030 1039 ex
1062 999 1090 1039 d
1118 999 1158 1038 in
1191 1011 1244 1052 e;
1277 1008 1361 1039 tum
1380 999 1516 1039 resiliet
1533 1007 1571 1038 et
1587 997 1665 1039 im-

338 1066 472 1120 pinget
501 1066 541 1105 in
575 1065 799 1118 particulam
832 1061 866 1103 B
897 1065 939 1112 in
963 1062 1000 1118 s
1025 1071 1137 1116 atque
1168 1062 1325 1104 tandem
1342 1062 1558 1104 reflectetur
1574 1074 1666 1102 ver·

337 1129 393 1170 sus
417 1142 461 1181 g.
529 1128 751 1181 Vtrumque
783 1136 915 1167 tamen
948 1126 1100 1177 vrgebit
1134 1135 1268 1165 contra
1301 1137 1454 1167 atomos
1485 1126 1578 1166 aeris
1604 1126 1664 1165 in-

339 1204 484 1257 porum
517 1191 623 1234 reeta
649 1190 858 1231 tendentes.
927 1188 1077 1230 Mirum
1104 1189 1218 1242 igitur
1236 1201 1316 1230 non
1334 1189 1387 1229 est
1419 1201 1545 1229 aerem
1564 1188 1669 1229 mul-

341 1265 488 1298 torum?
506 1263 721 1312 'corporum
755 1267 873 1309 poros
892 1286 903 1306 ‚
938 1252 1069 1307 quibus
1101 1261 1252 1293 atomos
1286 1253 1363 1292 eius
1395 1252 1567 1293 minores
1585 1249 1663 1292 effe

341 1321 490 1363 aliunde
525 1331 630 1376 patet
648 1354 666 1375 ‚7
693 1321 766 1361 vix
798 1328 860 1360 aut
894 1330 943 1358 ne
959 1318 1030 1357 vix
1064 1317 1219 1371 quidem
1254 1325 1466 1371 penetrare.
1534 1314 1665 1358 Deni-

343 1399 417 1442 que
449 1386 610 1441 sequitur
642 1397 767 1427 aerem
799 1396 850 1424 eo
882 1382 1012 1422 fortius
1052 1393 1073 1421 a
1114 1381 1217 1434 poris
1256 1392 1466 1434 corporum
1510 1381 1630 1421 arceri
1649 1413 1664 1433 ‚

340 1463 422 1506 quo
455 1451 549 1492 labia
582 1462 718 1492 eorum
751 1446 969 1490 extrorsum
986 1443 1111 1487 versus
1130 1444 1251 1499 magiS
1268 1444 1494 1487 diducuntur
1515 1443 1535 1500 ·,'
1561 1444 1666 1500 quod

342 1527 393 1556 ex
428 1514 549 1569 figura
578 1515 684 1556 facile
719 1512 955 1566 intelligitur.
1068 1507 1073 1510 ’

492 1580 526 1636 §t
564 1590 635 1630 25.
679 1576 804 1619 Sonus
834 1575 1003 1617 tremulo
1021 1584 1134 1617 motu
1165 1584 1383 1617 atomorum
1418 1582 1662 1630 propagatur„

342 1643 491 1685 Verum
525 1643 730 1685 secundum
747 1641 915 1682 nostram
947 1640 1139 1681 theoriam
1173 1639 1289 1681 elater
1322 1639 1488 1680 consistit
1520 1639 1560 1679 in
1586 1638 1669 1679 isti-

342 1710 492 1750 usmodi
525 1717 638 1751 motu
668 1705 855 1761 confus03
891 1705 1017 1759 quaeri
1051 1704 1164 1758 igitur
1213 1717 1234 1744 a
1266 1703 1376 1744 nobis
1408 1702 1533 1757 potest
1552 1736 1563 1755 ‚
1597 1714 1669 1744 cur·

342 1786 424 1814 non
459 1774 629 1815 audiatur
662 1772 849 1812 continuo
883 1770 1035 1823 quidam
1084 1767 1196 1809 sonus
1242 1781 1263 1808 a
1308 1769 1488 1807 continua
1535 1766 1667 1808 vibra·

343 1838 450 1879 tione
483 1847 703 1879 atomorum
739 1834 873 1876 elastici
906 1834 1012 1874 aeris.
1078 1833 1145 1874 Ad
1179 1832 1280 1886 quod
1299 1831 1582 1885 respondemus,
1602 1830 1664 1872 so-

341 1915 436 1951 num
452 1903 533 1943 auri
547 1901 722 1956 imprimi
739 1910 930 1953 tympano
945 1898 985 1938 vi
1003 1897 1096 1938 aeris
1109 1906 1238 1950 moto3
1265 1908 1313 1936 eo
1326 1905 1454 1935 autem
1471 1896 1665 1949 quie1cen-

343 1975 383 2016 te
416 1967 456 2007 id
486 1979 567 2007 non
599 1965 694 2007 fieri.
749 1965 1008 2017 Tympanum
1039 1974 1138 2003 vero
1170 1961 1351 2014 quoniam
1394 1969 1473 2000 tam
1508 1961 1663 2002 externi

345 2031 460 2082 aeris,
478 2044 593 2083 quam
612 2031 772 2083 interni,
806 2028 1015 2069 cauit-atem
1049 2026 1132 2079 ipso
1149 2025 1336 2065 munitam
1356 2023 1551 2077 replentis,
1560 2024 1664 2078 pari-

346 2093 414 2139 bus
437 2094 644 2140 istiusmodi
662 2091 987 2138 aemulationibus
1011 2089 1058 2133 ab
1074 2098 1234 2146 Vtraque
1251 2098 1357 2146 parte
1373 2087 1555 2142 afficitur,
1572 2088 1662 2130 ideo

1620 2166 1664 2197 m
