1820 2506
935 99 1131 160 )(1⁶)(

967 226 1049 268 15.-

461 286 645 347 Acroases
695 283 945 332 Academicae
980 287 1138 345 fingulis
1188 285 1329 331 dierum
1377 288 1664 335 hebdomadibus

342 365 471 400 ternae
507 354 629 412 sunto.
695 355 743 396 In
792 354 1029 408 congreffibus
1078 353 1298 396 Academici
1347 358 1663 399 commentationes

329 419 426 476 ficas
459 423 595 463 ceteris
627 430 752 460 coram
784 417 944 471 legunto,
978 418 1104 459 ordine
1137 428 1205 471 quo
1237 413 1383 472 quisque
1413 427 1582 476 receptus
1596 420 1660 477 est,

344 494 382 528 et
416 500 488 534 <eas
533 484 677 539 quidem
722 482 772 523 ab
810 480 905 522 hora
944 491 1041 521 nona
1085 481 1141 522 ad
1180 480 1439 524 duodecimam.
1504 484 1547 525 Si
1577 487 1659 539 quis

345 548 632 605 differtationem
653 543 763 602 suam
782 544 931 598 legendo
954 545 1107 586 nondum
1140 539 1335 598 absoluerit
1355 576 1367 598 ,
1401 548 1545 588 reiiciet
1576 560 1661 589 eam

344 616 381 655 in
410 616 579 669 proxime
617 608 819 665 sequentem
860 607 1079 665 congreffum
1100 641 1112 661 ,
1157 620 1224 650 non
1255 606 1462 665 exspectato
1502 618 1663 666 tempore

344 680 442 719 vicis
507 689 589 717 uae.
657 671 854 715 Adiunc‘iis
884 672 1090 727 sententias
1115 668 1213 725 suas
1253 682 1469 729 expromere
1519 674 1632 716 libere
1650 707 1662 728 ,

345 753 493 796 Unaque
523 752 604 782 cum
638 737 874 782 Academicis
909 739 965 779 ad
991 737 1145 779 eandem
1175 733 1333 791 mensam
1365 738 1532 794 adstdere
1565 738 1661 780 licet,

970 838 1038 875 16.

461 905 625 963 Quilibet
659 905 965 947 Academicorum
997 905 1042 946 id
1064 904 1218 959 proprie
1249 910 1363 958 aget,
1396 903 1494 959 quod
1509 900 1666 958 suarim

343 971 391 1026 est
417 973 614 1026 partium:
650 970 788 1023 Itaque
821 982 887 1009 non
921 978 1008 1025 opus
1039 969 1083 1023 est
1103 1001 1113 1019 ,
1146 975 1190 1008 vt
1220 981 1261 1008 v.
1285 982 1329 1020 g.
1363 969 1418 1009 M
1421 967 1664 1011 atheniatico-

343 1048 426 1077 rum
460 1035 577 1076 lineas
611 1041 771 1075 moretur
801 1033 1002 1077 Botanicus
1021 1065 1032 1086 ,
1064 1039 1132 1074 aut
1162 1032 1404 1075 Anatomicus
1438 1032 1569 1074 coelum
1602 1046 1665 1075 cu-

342 1107 403 1141 ret
436 1100 736 1154 Astronomorum.

971 1202 1042 1243 17.

461 1262 582 1305 Nulla
617 1261 840 1304 heuremata
896 1262 1212 1304 Academicorum
1238 1297 1249 1315 ,
1300 1265 1473 1317 quamuis·
1523 1262 1669 1316 egregie

343 1330 559 1380 excogitata
579 1360 589 1379 ,
622 1329 659 1367 in
677 1330 954 1367 commentarios
982 1326 1214 1367 Academiae
1231 1328 1479 1368 Scientiarum
1497 1328 1562 1381 ngss
1580 1324 1668 1380 iuffli

346 1390 539 1446 Praefidis
587 1391 728 1445 referri
771 1388 919 1444 poffitnt.
994 1390 1142 1430 Etenim
1191 1389 1438 1432 Academicus
1476 1424 1486 1442 >
1537 1391 1665 1431 nedum

346 1455 550 1498 Adiuncius
568 1487 577 1505 ,
629 1453 726 1495 nihil
763 1454 989 1508 publicorum
1032 1457 1253 1507 negotiorum
1290 1456 1494 1496 attreaare
1520 1455 1634 1509 potest
1653 1487 1664 1507 ‚

342 1519 458 1560 inuito
492 1516 670 1574 Praefide
688 1551 698 1570 ,
733 1525 797 1559 aut
822 1549 832 1569 ‚
856 1519 890 1575 fi
921 1520 955 1559 is
985 1518 1079 1573 abstt
1102 1549 1112 1568 ‚
1147 1518 1406 1560 Cancellaria.

716 1644 719 1647 »
974 1627 989 1652 1
1008 1620 1044 1654 8.

464 1679 517 1719 Vt
553 1685 675 1719 autem
716 1680 835 1731 magis
877 1690 925 1718 ex
969 1686 1052 1719 voto
1089 1679 1292 1733 procedant
1324 1679 1474 1731 omnia,
1510 1677 1665 1719 Acade-

342 1745 439 1784 miae
473 1743 712 1783 Secretarius
746 1741 999 1796 ephemerides
1032 1744 1197 1789 conficiet
1227 1755 1351 1783 rerum
1384 1742 1432 1782 ab
1466 1743 1665 1783 Academi-

343 1811 398 1848 cis
432 1807 649 1863 gestarum3
693 1807 821 1847 deinde
870 1807 1011 1860 digeret
1053 1807 1181 1848 docias
1226 1807 1527 1848 Academicorum
1571 1820 1666 1847 com-

343 1874 584 1912 mentationes
624 1878 660 1910 et
697 1873 845 1911 inuenta
863 1904 872 1921 ,
907 1883 1055 1925 quorum
1087 1869 1186 1912 nihil
1211 1884 1258 1911 ex
1288 1870 1478 1910 tabulario
1523 1873 1667 1926 auferri

342 1936 452 1989 potest
473 1937 556 1989 stne
599 1934 880 1990 ‹hirogi⁴apho;
923 1943 998 1975 tuni
1032 1936 1282 1975 commercium
1313 1933 1538 1974 litterarium
1570 1936 1606 1975 in
1634 1937 1659 1976 i-

332 2007 421 2050 ¹tuet
464 2012 543 2039 cum
588 2002 683 2040 viris
728 2001 893 2040 diffinita
932 1998 1230 2054 praestantibus3
1271 1999 1441 2053 postremo
1480 1998 1664 2039 ordinabit

1541 2074 1664 2102 omnia
