1820 2506
337 158 789 206 OBSERVATIONES
833 155 1227 200 ANATOMICAE
1354 171 1442 210 349

139 281 176 321 le
208 279 395 320 intrudere
430 279 622 333 potuerim
643 312 652 329 ‚
692 277 750 318 sed
791 278 908 318 etiam
952 287 997 316 vt
1035 290 1140 330 rugas
1181 276 1314 317 crassas
1348 276 1406 331 (1)
1428 283 1583 329 ‚foT-XH

137 345 238 399 queis
270 356 403 397 margo
437 342 597 383 obseffus
629 352 710 381 erat
729 374 739 393 ,
772 342 873 381 taelu
908 341 1080 381 distinere
1113 341 1386 393 dignoscerem.
1449 324 1572 362 ¹⁷¹5‘ffl'

251 407 346 448 XV.
384 407 539 447 Exinde
571 418 689 459 porro
724 414 909 458 apparet,
944 418 1058 457 quam
1091 404 1250 444 difficile
1282 405 1325 444 fit
1360 405 1440 458 pri-

136 471 209 512 mis
242 470 429 511 menfibus
459 484 510 510 ex
543 469 626 509 solo
658 470 762 509 taeta
794 469 997 508 diiudicare
1016 501 1026 520 ,
1060 482 1151 508 num
1169 468 1311 508 femina
1329 481 1439 522 prae-

136 547 251 587 gnans
283 534 326 574 fit
355 547 425 574 nec
457 532 539 573 ne?
573 534 658 586 quia
689 543 845 584 tangens
879 532 1043 571 omnino
1085 532 1153 582 nil,
1195 532 1263 572 nisi
1303 545 1446 587 veram¹

136 599 325 638 ceruicem
354 597 565 649 oblongam
600 596 850 636 duriusculum
884 608 970 635 cum
1004 595 1132 636 osculo
1164 595 1271 635 labiis
1309 595 1439 635 molli-

135 661 200 702 bus
230 662 271 701 in
304 660 481 712 vaginam
522 659 767 713 prominente
810 658 1044 712 persentiscit
1061 691 1072 711 ,
1108 658 1212 699 vnde
1249 658 1358 700 facile
1397 659 1439 699 in

135 737 219 765 eam
251 723 478 776 opinionem
510 723 643 762 deduci
675 722 803 775 potest
835 735 877 762 ac
909 722 937 763 fi
969 722 1111 762 femina·
1134 735 1212 762 non
1231 735 1439 776 praegnans

134 785 238 827 esset.
305 783 422 826 Certe
454 799 507 826 ex
538 786 619 825 [olo
653 794 862 838 augmento
896 786 1053 825 ceruicis
1083 786 1225 839 aliquid
1243 787 1325 826 veri
1342 798 1437 826 con-

132 851 281 890 cludere
314 849 660 889 exercitatissimam
693 862 850 890 manum
868 859 906 888 et
922 859 1077 889 acutum
1094 850 1276 890 iudicium
1313 850 1438 902 requi-

132 915 182 954 rit
198 945 209 965 ,
241 914 346 967 quod
375 914 422 953 ab
456 913 714 953 obstetricibus
746 912 991 966 popularibus
1022 924 1106 951 non
1119 912 1232 952 facile
1252 913 1439 965 expedia-

130 977 244 1016 veris.

242 1038 361 1080 XVI,
394 1038 538 1092 Neque
566 1038 691 1079 minus
722 1038 825 1077 ratio·
854 1046 958 1091 patet
977 1071 988 1090 ,
1022 1035 1123 1093 (aliis
1149 1037 1275 1078 caussis
1306 1043 1445 1084 tamen

129 1104 351 1155 neutiquam
398 1093 642 1155 posthabitis)
676 1114 789 1153 quare
820 1101 994 1140 mulieres
1011 1134 1021 1152 ,
1064 1115 1158 1154 quae
1195 1104 1328 1155 primis
1370 1102 1436 1142 vel

130 1166 262 1205 mediis
297 1166 484 1204 mensibus
516 1165 694 1204 abortum
727 1165 947 1217 patiuntur³
981 1165 1178 1213 doloribus·
1205 1165 1332 1205 multo
1367 1177 1435 1204 ve⁴

131 1228 428 1268 hementioribus
462 1237 501 1268 et
535 1227 772 1267 acutimeibus,
803 1226 1006 1268 dil‘crutziari
1048 1227 1191 1268 soleant
1209 1261 1229 1280 ,v
1255 1241 1377 1282 quam
1407 1228 1434 1269 fi

129 1292 263 1331 iustum
296 1291 531 1344 parturiendi
563 1292 776 1331 terminum
788 1292 995 1343 attigerint.
1061 1291 1114 1332 In
1138 1291 1332 1332 hisenim
1349 1305 1433 1333 cer-

128 1355 199 1394 vix
233 1356 330 1394 vteri
364 1355 492 1394 laxior
525 1354 722 1407 paullatim
757 1354 1002 1406 distenditur,
1037 1364 1077 1394 et
1110 1355 1256 1395 vltimis
1273 1357 1432 1395 tandem

127 1418 255 1458 diebus
285 1419 325 1457 in
358 1418 571 1471 simplicem
605 1419 785 1457 annulum
812 1419 1064 1471 effiumatur3
1102 1418 1194 1458 hinc
1221 1419 1433 1459 distr-afflo-

127 1493 217 1523 nem
252 1481 389 1521 facilius
419 1482 608 1534 perferunt
627 1513 637 1531 ,
672 1482 758 1534 quia
790 1482 1035 1534 pededentim
1055 1482 1111 1521 fit.
1178 1482 1225 1522 In
1243 1483 1315 1522 illis
1339 1495 1432 1522 con-

126 1552 183 1583 tra
217 1546 352 1584 cauitas
382 1546 537 1584 ceruicis
569 1544 621 1584 est
639 1544 789 1596 angusta
806 1577 817 1596 ,
849 1544 1043 1584 substantia
1075 1545 1226 1585 craffior
1268 1555 1307 1585 et
1343 1546 1433 1585 soli-

125 1607 211 1647 dior
228 1639 238 1659 ,
274 1608 451 1648 fibrarum
485 1608 545 1647 vis
577 1607 771 1660 strid³cior;
808 1620 903 1661 quae
937 1621 994 1648 res
1027 1617 1072 1648 vt
1115 1610 1155 1648 in
1197 1618 1307 1661 partu
1350 1618 1431 1650 tam

126 1671 330 1711 immaturo
365 1683 402 1711 et
431 1672 639 1723 anticipato
688 1671 814 1710 multo
855 1670 982 1711 fortius
1015 1671 1229 1711 extensioni
1248 1672 1430 1725 resistunt,

126 1746 174 1773 ne
190 1732 313 1773 foetus
330 1745 408 1775 tam
441 1733 590 1774 facilem
625 1743 663 1774 et
696 1734 851 1786 planam
886 1737 990 1774 viam
1026 1736 1222 1775 inueniat:
1257 1736 1308 1775 ita
1349 1748 1431 1775 non

126 1793 282 1849 possunt
313 1808 393 1835 non
425 1798 640 1837 maximum
672 1807 709 1836 et
735 1798 1010 1838 acerbiffimum
1029 1798 1206 1839 dolorem
1225 1799 1432 1839 muliercu-

126 1859 171 1899 lis
201 1871 459 1900 commouere.

239 1923 376 1963 XVII.
414 1924 479 1964 Ex
512 1920 727 1976 compressa
759 1925 912 1964 ceruicis
944 1924 1093 1978 figura,
1135 1934 1174 1966 et
1216 1938 1268 1966 ex
1308 1936 1430 1966 muco

127 1985 198 2025 isto
230 1986 337 2027 lento
356 2019 366 2038 ,
399 1987 553 2038 tenaci,
588 1996 708 2027 totam
742 1988 943 2027 cauitatem
979 1999 1018 2028 et
1052 1991 1185 2029 omnia
1215 1991 1294 2029 eius
1332 1990 1433 2029 fora-

126 2050 272 2090 mimula
304 2049 359 2090 ab.
383 2062 465 2092 vno
494 2050 622 2092 osculo
654 2051 700 2090 ad
733 2051 832 2092 aliud
867 2052 1073 2093 obfinente·
1098 2063 1204 2094 certe
1233 2065 1334 2094 meos
1351 2053 1431 2106 qui-

676 2115 821 2162 XXQ
1342 2116 1442 2156 &m
