1820 2506
403 160 493 208 338
811 150 895 194 DE
930 148 1124 194 VTERO
1156 151 1437 197 MVLIEBRI

402 266 558 323 parebat
589 273 715 306 vterus
745 275 766 305 a
783 263 985 318 peritoneo
1017 263 1237 304 immediate
1266 265 1383 305 taetus
1411 274 1450 305 et
1484 263 1621 317 tetstuS,
1639 276 1710 306 oc·

403 343 545 384 cupans
585 338 745 370 omnem
787 328 987 368 cauitatem
1030 328 1244 368 abdominis
1285 327 1332 366 ab
1372 329 1554 368 vmbilico
1586 329 1633 369 ad
1664 339 1710 368 os

403 394 511 449 pubis
529 425 540 444 ,
575 401 614 431 et
643 392 787 444 pelusm
821 389 940 444 ipsam
960 423 971 441 ,
1005 394 1106 431 cuius
1138 391 1253 430 latera
1294 390 1430 430 exuere
1469 392 1675 431 claudebat.

522 455 576 496 ΙΙ.
611 451 922 495 circumstantiae
941 453 1054 506 longe
1085 454 1179 494 aliae
1212 453 1489 494 comitabantur
1529 454 1712 507 insignem

404 528 600 560 tumorem
621 551 631 570 ,
665 529 782 571 quem
816 517 931 557 altera
965 517 1177 557 vetularum
1211 521 1251 557 in
1290 516 1465 556 inferiore
1506 517 1712 557 abdomine

405 581 457 624 itti
490 582 651 635 gestabat
668 613 680 632 ,
722 593 766 620 vt
805 581 934 634 primo
974 580 1129 633 quidem
1172 581 1321 621 obtuitu
1368 579 1502 620 statum
1551 580 1715 620 feminae

406 645 648 700 praegnantis
682 642 931 694 mentiretur,
963 655 1004 683 re
1037 654 1163 684 autem
1198 656 1355 697 propius
1387 643 1613 694 examinata,
1631 654 1714 682 cor-

408 721 479 763 pus
511 708 626 760 longe
659 706 844 748 diuersum
877 705 954 747 effe
983 706 1344 760 deprehenderetur.
1409 706 1505 746 Erat
1540 705 1652 746 enim*
1668 703 1715 745 il-

408 770 446 813 le
479 783 609 813 tumor
645 771 827 811 rotundus
847 802 858 822 ,
892 770 1057 811 eleuatus
1075 803 1087 822 ,
1121 771 1224 811 cuius
1255 769 1357 824 quasi
1389 779 1563 809 centrum
1593 767 1720 809 vmbi-

408 833 512 876 licus.
579 835 773 875 Praeterea
803 830 911 887 supra
943 843 1136 873 tumorem
1168 834 1208 872 in
1240 834 1399 886 regione
1418 832 1635 885 epigastrica
1652 844 1721 872 cu·

410 898 458 939 tis
488 908 569 939 erat
601 895 764 950 collapsa
784 928 795 948 ,
828 896 929 950 quasi
962 896 1016 936 ibi
1048 896 1276 936 ventriculus
1308 906 1347 936 et
1382 895 1556 935 intestina
1597 906 1720 936 vacua

409 959 588 1003 iacerent.
652 956 837 1000 Similiter
868 958 916 999 ad
948 959 1100 998 lumbos
1131 958 1334 999 macilenta
1366 958 1580 999 flacciditas.
1652 958 1720 998 ln-

409 1021 465 1066 sta
497 1034 693 1065 tumorem
726 1022 890 1075 denique
923 1021 963 1061 in
995 1020 1243 1075 hypogastrio
1275 1030 1313 1061 et
1346 1020 1452 1075 supra
1484 1022 1627 1076 pubem
1652 1021 1721 1061 de-

411 1099 493 1130 nuo
524 1086 712 1141 profimda
741 1084 872 1138 fouea3
908 1084 978 1135 ita,
1011 1094 1057 1123 vt
1089 1086 1309 1125 extremitas
1341 1085 1486 1136 sterni,
1520 1094 1561 1124 et
1592 1084 1722 1125 vmbi-

413 1148 509 1191 licus
543 1158 584 1189 et
618 1158 661 1188 os
693 1142 803 1206 pubis
834 1145 1097 1200 prominerent
1129 1155 1167 1186 et
1200 1156 1328 1187 tumor
1360 1147 1506 1187 medius
1542 1146 1725 1187 solitarius

414 1220 612 1268 tamquam
637 1207 730 1253 forsa
762 1209 923 1264 quadam
955 1209 1206 1250 circumdatus
1223 1207 1330 1250 effet.
1396 1209 1510 1250 Hunc
1528 1219 1724 1252 tumorem

414 1286 462 1318 vt
502 1289 575 1317 nec
614 1272 865 1316 anasarcoden
896 1272 1099 1314 macilenta
1132 1274 1228 1314 cutis
1246 1306 1258 1326 ,
1290 1286 1363 1314 nec
1396 1274 1587 1314 asciticum
1627 1274 1727 1314 vici-

415 1350 468 1382 na
506 1336 675 1392 collapfil
712 1335 915 1378 flacciditas
955 1335 1182 1379 testabatur:
1224 1337 1274 1378 fic
1315 1349 1385 1378 nec
1425 1337 1474 1378 de
1505 1336 1726 1390 grauiditate

416 1402 619 1458 quicquam
661 1409 767 1442 certo
799 1398 990 1441 affirmare
1021 1400 1167 1440 licebat.
1232 1401 1374 1441 Vterus
1391 1401 1495 1441 enim
1522 1412 1729 1454 praegnans

418 1477 491 1509 nec
517 1466 571 1508 ita
594 1460 758 1519 praecise
783 1463 822 1504 in
841 1461 944 1518 globi
962 1462 1125 1504 formam
1151 1464 1358 1518 turgescere
1379 1497 1390 1516 ,
1422 1476 1544 1517 neque
1583 1462 1728 1504 hiatum

419 1528 526 1584 supra
558 1527 702 1583 pubem
736 1525 945 1580 relinquere
977 1526 1146 1567 debebat.
1211 1526 1287 1568 Sed
1319 1527 1477 1568 dubium
1509 1538 1628 1566 omne
1669 1525 1729 1567 su-

421 1592 522 1634 stulit
539 1589 671 1632 incisio
703 1588 915 1631 abdominis
931 1620 943 1642 ‚
975 1601 1071 1643 quae
1103 1590 1278 1631 ovarium
1309 1591 1492 1631 dextrum
1523 1590 1564 1629 in
1598 1598 1730 1631 tumo-

420 1667 507 1699 rem
548 1652 750 1709 globosum
766 1685 780 1706 ‚
823 1663 877 1693 ex
924 1652 1147 1694 membrana
1186 1654 1370 1708 pellucida
1387 1685 1398 1705 ‚
1442 1653 1583 1704 tenui,
1626 1652 1729 1705 lym·

422 1718 545 1775 pham
570 1716 715 1759 claram
733 1749 746 1770 ‚
779 1724 1079 1770 transparentem
1111 1718 1334 1758 continente
1373 1716 1611 1757 constantem
1659 1729 1731 1758 ex-

422 1779 593 1834 creuiffe‚
610 1779 939 1823 commonstrauit.
975 1778 1102 1836 Quam
1135 1780 1438 1821 obseruationem
1473 1779 1593 1833 priori
1610 1791 1732 1834 prop-

422 1854 527 1888 terea
559 1844 655 1886 vtile
687 1843 782 1886 duxi
813 1843 1016 1897 adiungere
1039 1874 1051 1896 ,
1079 1844 1166 1898 quia
1197 1843 1355 1885 cautelas
1389 1843 1567 1896 quasdam
1601 1842 1733 1896 sugge-

425 1910 477 1952 rit
495 1942 508 1962 ‚
550 1919 646 1964 quae
681 1908 722 1950 in
761 1906 987 1950 mulierculis
1025 1920 1117 1949 vere
1158 1920 1207 1949 an
1247 1906 1338 1949 falso
1375 1906 1535 1960 grauidis
1566 1918 1617 1946 ex
1649 1905 1734 1947 solo

426 1971 560 2014 habitu
592 1982 760 2014 externo
792 1971 1035 2014 diiudicandis
1053 2004 1066 2024 ‚
1099 1971 1278 2013 obscurae
1306 1970 1417 2025 saepe
1449 1971 1507 2013 rei
1537 1969 1671 2012 lumen
1687 1968 1736 2011 ad

428 2035 603 2093 {pergere
631 2044 786 2094 queunt.
850 2034 930 2083 sed
959 2036 1008 2079 ad
1038 2045 1192 2081 vterum
1230 2035 1358 2078 rede00

1660 2094 1741 2140 111.
