1820 2506
436 198 494 236 49
503 191 525 228 8
644 182 991 229 OBSERVATIO
1043 185 1289 229 ECLIPSIS
1323 187 1402 232 LV
1398 188 1440 231 N
1443 188 1520 231 ΑΕ

742 317 801 353 49
883 317 930 341 11
999 303 1114 344 Vieta
1146 305 1321 358 emergit.

742 381 802 416 49
880 381 929 419 41
1002 367 1114 408 Mare
1152 368 1362 409 humorum
1402 367 1516 422 plane
1545 369 1677 412 umbra
1708 381 1749 410 e-

1003 430 1169 483 greffum
1205 433 1269 473 est.

746 505 802 544 52
878 506 933 545 33
1002 494 1225 536 Schikardus
1265 495 1378 550 plane
1411 496 1579 538 emerfit.

627 571 653 598 2
776 570 800 608 3
883 572 901 597 1
916 572 933 598 1
1002 559 1252 600 Fracastorius
1301 560 1465 600 emersit.

775 633 796 671 5
880 630 933 665 18
1004 623 1151 675 Tycho
1193 624 1305 677 plane
1348 625 1484 664 vmbra
1524 624 1713 666 liberatus.

748 690 804 725 26
877 698 935 737 43
1006 688 1108 729 Finis
1149 689 1274 728 versus
1307 686 1494 729 Snellium
1527 688 1712 741 adparuit.

737 763 795 800 29
872 765 922 802 13
992 752 1099 793 Finis
1130 752 1376 806 penumbrae.

550 814 749 872 Quantitas
784 815 964 868 eclipseos
997 817 1245 857 determinata
1287 818 1341 857 est
1372 816 1626 856 micrometro
1659 815 1742 856 Kir-

432 878 574 920 chiano
593 881 639 920 ad
665 880 800 919 tubum
827 880 1032 933 adplicato.
1092 878 1335 921 Differebant
1361 880 1516 932 quidem
1554 879 1746 939 paululum

428 952 606 994 tempora
640 943 736 981 initii
776 952 887 995 atque
921 943 1006 982 finis
1048 943 1160 984 huius
1203 943 1346 996 eclipsis
1380 943 1581 983 lecundum
1616 955 1746 983 meam

427 1015 466 1045 et
512 1006 678 1058 Popouii
718 1005 1022 1046 obseruationem
1065 1007 1158 1045 tubo
1191 1007 1386 1058 quadranti
1420 1007 1612 1060 adplicato
1653 1006 1745 1046 duos

426 1069 548 1121 pedes
581 1069 702 1119 longo
735 1069 774 1107 in
809 1070 901 1106 turri
941 1069 1130 1118 superiore
1162 1068 1370 1108 institutam
1390 1103 1400 1119 ‚
1442 1083 1536 1122 quae
1568 1069 1727 1109 differen

425 1131 479 1169 tia
515 1140 645 1170 autem
678 1129 820 1181 partim
854 1130 1057 1170 diuersitati
1087 1130 1286 1179 tuborum,
1320 1130 1459 1183 partim
1477 1132 1634 1173 confusis
1652 1145 1745 1173 vm-

424 1192 516 1235 brae
549 1203 588 1232 et
623 1193 857 1245 penumbrae
887 1194 1055 1234 terminis
1092 1195 1164 1233 erit
1198 1194 1408 1234 tribuenda.

544 1257 749 1309 Tempore
774 1257 918 1310 eclipsis
957 1258 1081 1298 solaris
1114 1258 1214 1297 ratio
1249 1270 1401 1311 quoque
1433 1257 1556 1298 habita
1591 1259 1643 1299 est
1680 1272 1744 1300 va-

421 1322 600 1362 riationis
631 1320 767 1361 caloris
786 1354 796 1372 ,
829 1321 1063 1375 aliarumque
1094 1321 1409 1374 athmosphaerae
1451 1323 1710 1363 mutationum
1729 1357 1741 1377 ‚

420 1398 518 1439 quae
557 1398 601 1426 ea
636 1385 794 1425 durante
827 1387 1035 1439 contigere.
1103 1385 1397 1426 Obseruationes
1439 1384 1507 1424 has
1546 1397 1742 1427 meteoro-

421 1448 571 1501 logicas
607 1448 795 1489 fi1ciendas
830 1450 985 1503 suscepit
1018 1450 1090 1490 Vir
1123 1447 1254 1489 Claris.
1291 1449 1614 1489 Lomonosouius.
1676 1449 1740 1491 In-

419 1512 572 1553 stitutae
615 1512 697 1553 sunt
743 1513 890 1553 duobus
929 1513 1215 1554 thermometris
1254 1512 1536 1554 mercurialibus
1577 1525 1738 1553 concor-

418 1577 604 1616 dantibus
638 1585 678 1616 et
712 1575 936 1618 barometro
972 1578 1009 1616 iu
1053 1576 1276 1630 hypaethro
1318 1577 1467 1616 aedium
1508 1577 1740 1617 academica-

416 1651 522 1680 rum.
595 1639 992 1680 Thermometrorum
1027 1642 1184 1682 alterum
1216 1653 1237 1680 e
1270 1642 1457 1681 diametro
1489 1639 1555 1680 soli
1589 1640 1739 1692 exposi-

416 1711 501 1744 tum
529 1736 540 1755 ,
575 1703 742 1743 alterum
779 1704 819 1742 in
854 1704 990 1743 vmbra
1025 1705 1228 1745 columnae
1264 1705 1413 1756 ligneae
1447 1713 1526 1742 erat
1569 1703 1740 1743 colloca-

416 1777 520 1807 tum.
601 1765 713 1807 Bulbi
759 1777 864 1807 erant
905 1766 1076 1820 aequales
1116 1766 1261 1819 figurae
1306 1765 1521 1817 sphaericae
1561 1766 1737 1807 diametri

415 1831 703 1884 semidigitatis.
777 1829 928 1871 Diuisio
969 1832 1162 1883 vtriusque
1210 1829 1485 1868 thermometri
1534 1838 1614 1868 erat
1661 1841 1735 1883 ea,

413 1907 487 1948 qua
527 1895 666 1948 gradus
698 1907 814 1948 aquae
851 1895 1043 1934 bullientis
1078 1908 1146 1947 per
1179 1906 1205 1932 0
1227 1926 1236 1944 ,
1273 1891 1496 1946 gelascentis
1535 1905 1605 1944 per
1653 1906 1733 1942 150

407 1958 685 2000 descendendo
733 1959 942 2011 insignitur.
1011 1957 1231 1998 Barometri
1289 1954 1422 1995 diuisio
1476 1965 1554 1994 erat
1604 1955 1734 1996 secun-

414 2022 507 2061 dum
545 2023 687 2075 pedem
720 2023 938 2063 Par-isinum.
974 2022 1197 2064 obseruatio
1229 2022 1370 2071 integra
1390 2052 1400 2071 ‚
1434 2019 1493 2060 vti
1525 2020 1734 2063 nobiscum

415 2095 436 2123 a
468 2084 566 2124 Viro
599 2084 661 2126 Cl.
699 2087 750 2128 est
784 2088 1067 2128 communicata
1099 2087 1151 2126 ita
1184 2084 1219 2124 se
1252 2083 1378 2124 habet.

1613 2212 1731 2256 Tem-
