1820 2506
195 177 351 243 QVAE
384 175 524 225 POST
557 167 875 220 MISCELAM
887 166 1237 218 FLVIDORVM
1249 171 1331 224 &a
1370 182 1461 226 159

283 299 320 348 §-
364 312 406 350 9.
458 296 501 341 Si
548 297 693 339 tabulas
739 295 807 338 has
852 295 1029 338 attentius
1076 291 1358 336 consideramus
1390 291 1461 334 ob-

134 363 322 406 (eruamus

211 465 213 469 ⁴
260 441 300 467 1.
336 428 470 482 gradus
502 426 677 468 calorum
710 425 997 466 thermometro
1036 431 1217 464 muentos
1256 422 1297 462 in
1339 422 1466 475 prima

136 492 264 535 tabula
296 493 468 533 minores
501 489 578 532 effe
610 491 759 544 semper
790 490 963 543 gradibus
994 501 1065 542 per
1081 486 1286 529 formulam
1313 482 1464 527 Clariis.

137 556 290 600 Krafftii
321 567 360 597 et
392 569 522 597 meam
556 557 723 596 inuentis
740 584 773 606 ‚<
803 555 843 595 in
883 553 1043 594 secunda
1084 564 1183 593 vero
1232 550 1358 592 tabula
1399 551 1468 591 de-

137 635 227 664 cem
271 622 539 674 experimenta
582 632 648 659 eos
691 618 892 658 ostendere
932 618 1117 669 maiores,
1152 617 1291 658 decem
1322 614 1468 669 reliqua

140 686 412 740 experimenta
454 685 624 724 minores
664 696 778 736 quam
821 682 955 735 gradus
996 694 1066 735 per
1109 679 1316 722 formulam
1356 679 1470 734 ipsius

139 759 324 806 repertos,
356 748 503 803 semper
535 761 633 788 vero
649 747 820 788 minores
850 745 1024 800 gradibus
1056 745 1290 787 secunduum
1323 744 1469 787 formu-

140 814 218 857 lam
250 825 381 854 meam
415 813 663 867 computatis.
1482 860 1485 863 r

260 875 320 933 2.)
355 875 600 932 Comparatis
632 875 806 930 gradibus
839 874 1014 916 calorum
1056 874 1207 914 tabulae
1239 873 1273 915 I.
1309 885 1362 914 ex
1393 871 1475 914 for2

140 941 246 985 mula
280 940 430 983 Clariis.
468 940 621 982 Krafftii
653 940 889 994 computatis
922 952 1013 979 cum
1055 937 1229 991 gradibus
1270 936 1473 978 Thermo-

140 1017 269 1049 metro
302 1008 469 1048 inuentis
502 1006 739 1047 differentiae
779 1004 963 1058 graduum
1005 1002 1167 1043 istorum
1211 1014 1293 1042 non
1335 1002 1471 1043 decre-

140 1072 245 1113 scunt
261 1105 272 1125 ,
307 1071 368 1112 secl
401 1071 523 1112 modo
539 1069 710 1111 crescunt
727 1070 850 1110 modo
866 1067 1104 1109 decrescunt.
1142 1064 1389 1121 comparatis
1400 1078 1472 1107 ve-

139 1148 187 1178 ro
203 1136 377 1190 gradibus
402 1136 501 1176 Tab.
528 1135 561 1176 I.
591 1147 643 1174 ex
666 1133 829 1174 formula
854 1145 940 1173 mea
971 1132 1143 1173 deductis
1168 1144 1261 1172 cum
1295 1129 1475 1185 gradibus

140 1199 437 1241 Thermometri
455 1199 691 1240 differentiae
707 1207 856 1239 tantum
882 1209 963 1237 non
979 1197 1129 1251 semper
1161 1195 1382 1237 decrescunt
1398 1207 1476 1237 vo·-

140 1264 346 1305 luminibus
385 1265 503 1305 mixti
545 1262 826 1304 crescentibus:
876 1262 1194 1316 experimentum
1234 1269 1367 1302 tamen
1400 1272 1476 1302 no-

143 1341 238 1369 num
279 1329 394 1372 nimis
427 1326 621 1370 assertioni
655 1327 924 1379 contrariatur,
959 1335 1004 1367 vt
1036 1327 1155 1367 etiam
1189 1333 1357 1380 propter
1372 1323 1476 1367 hane

144 1392 400 1448 disparitatem
445 1392 546 1434 mihi
587 1388 806 1447 conjectura
848 1391 1078 1431 subnascatur
1095 1423 1106 1439 ‚
1155 1402 1301 1430 nouam
1333 1389 1370 1429 se
1403 1402 1479 1431 eX·

145 1458 370 1512 perimento
418 1454 662 1501 immiscuisse
712 1455 1058 1509 circumstantiam,
1100 1467 1197 1509 quae
1253 1454 1476 1496 variationis

144 1521 258 1563 huius
290 1522 395 1563 causa
428 1521 512 1563 fuit.

264 1585 323 1642 3.)
357 1586 405 1627 In
437 1585 564 1627 tabula
595 1583 755 1625 secunda
786 1596 858 1624 nec
890 1582 1127 1624 differentiae
1168 1582 1351 1636 graduum
1369 1616 1379 1636 ,
1421 1595 1477 1625 ex

142 1649 308 1691 formula
348 1662 438 1691 mea
481 1663 553 1691 nec
597 1661 651 1690 ex
693 1646 844 1689 Clariis.
895 1648 1047 1689 Krafftii
1094 1656 1412 1701 computatorum
1454 1661 1475 1689 a

145 1714 319 1769 gradibus
360 1715 647 1756 thermometro
686 1714 851 1754 inuentis
868 1747 879 1766 ‚
922 1712 1183 1753 voluminibus
1222 1712 1477 1753 crescentibus

146 1777 365 1819 decrescunt
382 1812 393 1831 ,
425 1779 486 1819 sed
517 1780 640 1820 modo
681 1778 851 1819 crescunt
883 1777 1007 1819 modo
1048 1775 1279 1816 decrescunt.

264 1841 327 1899 4.)
360 1841 511 1885 Gradus
544 1844 585 1883 in
618 1842 718 1883 Tab.
760 1856 778 1881 1
817 1842 892 1882 sec.
937 1838 1087 1882 Clanis.
1134 1839 1288 1882 Krafftii
1329 1839 1477 1881 formu-

147 1906 227 1947 lam
261 1907 477 1963 computati
511 1919 591 1947 non
627 1916 777 1947 tantum
810 1905 994 1947 differunt
1026 1919 1048 1945 a
1082 1904 1254 1959 gradibus
1274 1903 1476 1945 Thermo·

145 1981 275 2012 metro
308 1973 471 2012 inuentis
487 2005 498 2024 ,
532 1985 646 2026 quam
690 1969 899 2011 secundum
940 1982 1071 2010 meam
1114 1968 1323 2009 formulam
1361 1981 1476 2009 com-

144 2035 267 2090 putati
288 2068 298 2086 ,
324 2045 361 2076 at
379 2036 406 2076 fi
423 2036 717 2077 Thermometri
736 2045 777 2075 et
794 2035 890 2075 vasis
907 2034 1017 2076 simul
1035 2033 1195 2074 habetur
1212 2034 1310 2074 ratio
1327 2066 1338 2086 ,
1356 2046 1474 2087 parua

147 2100 203 2142 est
236 2099 450 2143 differentia
467 2133 478 2154 ‚
511 2109 557 2142 vt
587 2100 738 2142 collatis
771 2097 865 2141 Col.
880 2099 974 2142 VH.
997 2108 1036 2140 et
1051 2097 1126 2140 111.
1145 2097 1220 2140 IV.
1246 2098 1381 2139 videre
1404 2098 1471 2139 est„¹

1413 2166 1475 2215 5)
