1820 2506
396 157 617 204 FACTAE
649 157 727 203 An.
773 158 904 210 1746.
947 154 1242 202 TVBINGAE
1388 171 1470 210 151

156 277 338 331 scriptum
371 277 448 319 hoc
486 279 705 333 prodigium
725 312 735 331 ,
769 290 885 333 quam
918 276 1047 318 lumen
1066 274 1348 329 Caffiniamtm,
1382 277 1482 317 inso-

153 340 224 390 lito
258 343 425 396 quodam
459 341 608 395 fulgore
642 355 837 397 apparens.
907 342 1015 383 Nam
1049 340 1218 393 conspici
1252 339 1329 380 hoc
1365 353 1483 393 quan-

156 405 284 459 doque
316 406 413 446 solet
447 406 561 446 instar
593 405 724 459 fitlcis,
759 407 805 446 ad
839 406 1000 446 modum
1035 404 1375 457 gladiiincuruati·⁷
1398 403 1478 443 vid.

154 465 348 510 celeberr.
396 471 459 511 De
492 471 660 512 Maimn
678 503 689 523 ,
728 467 856 511 Ήαιίὲ
887 470 930 510 de
963 464 989 509 l’
1004 470 1153 510 Amore
1170 467 1326 509 Boreale
1344 500 1354 519 ‚
1390 481 1477 521 pag.

158 545 250 586 22·⁷
293 533 574 587 longitudinem
607 544 711 574 tenet
744 533 870 574 multo
901 534 1090 573 maiorem
1109 564 1120 584 ‚
1155 544 1271 586 quam
1305 531 1358 572 est
1391 531 1479 585 ipsi-

154 610 201 638 vs
234 597 392 637 latitudo
410 631 421 648 ,
455 607 506 649 et,
542 599 645 650 quod
680 610 844 638 omnem
887 596 1194 650 probabilitatem
1233 596 1387 636 summo
1429 597 1480 635 ri-

151 671 244 715 gore
277 660 458 714 adimplet
476 693 486 712 ,
522 661 741 701 extenditur
774 662 814 700 in
849 661 1054 701 Februario
1089 659 1214 700 mense
1260 660 1308 704 ab
1348 660 1478 699 orien-

149 734 189 766 te
219 724 345 764 versus
379 724 622 764 occidentem
641 757 652 775 ,
683 725 710 765 s1
745 725 905 778 incipias
939 725 1121 777 progredi
1154 722 1235 764 visu
1269 737 1290 764 a
1323 723 1475 777 cuspide

149 789 197 830 ad
231 787 330 829 bafin
364 787 508 842 ipfius;
544 800 588 828 ac
621 788 785 842 denique
804 821 815 841 ,
849 788 953 842 quod
986 796 1100 841 caput
1134 787 1188 828 est
1220 788 1294 841 rei,
1330 789 1470 828 eodem

149 851 276 893 mense
310 851 482 905 praesens
514 851 550 892 se
583 851 674 893 sistit
708 852 793 906 post
836 851 919 892 solis
962 852 1150 892 occasum.
1226 850 1268 891 Si
1317 852 1356 891 in
1398 850 1472 899 hac

148 916 262 969 igitur
310 915 565 969 descriptione
612 929 877 957 remoue-amus
927 915 973 954 ab
1014 915 1145 954 animo
1178 913 1470 954 similitudinem

144 979 246 1020 haud
278 979 393 1033 plane
428 981 601 1033 ineptam
622 1013 633 1032 ,
667 988 708 1020 et
741 981 869 1032 genti,
903 979 1004 1032 apud
1038 991 1151 1032 quam
1187 977 1309 1018 vistim
1345 978 1399 1017 est
1418 991 1468 1018 eo

144 1052 325 1097 ternpore
358 1042 677 1096 phaenomenum
696 1076 707 1096 ,
741 1043 964 1084 familizuem
1000 1052 1037 1082 et
1055 1042 1227 1082 vfitatam
1250 1056 1261 1095 '⁷
1296 1042 1321 1083 fi
1350 1043 1470 1082 omit-

148 1116 271 1148 tamus
303 1120 456 1161 quoque
490 1108 704 1148 mensuram
724 1139 735 1159 ,
770 1119 850 1147 non
894 1106 1148 1147 astronomica
1197 1107 1437 1146 accuratione
1456 1139 1468 1159 ‚

145 1170 207 1212 sed
240 1170 346 1223 vulgi
379 1172 529 1223 trepido
563 1171 704 1212 iudicio
722 1203 734 1224 ‚
768 1179 948 1224 captam:
983 1170 1199 1210 videbimus
1231 1170 1384 1223 planam
1428 1179 1467 1210 et

145 1234 362 1288 simplicem
396 1234 688 1288 descriptionem
707 1268 718 1287 ,
753 1248 834 1275 non
869 1234 1036 1288 prodigii
1068 1234 1223 1274 alicuius
1242 1266 1252 1285 ,
1286 1233 1347 1273 sed
1380 1247 1466 1274 me-

145 1299 244 1338 teori
276 1299 316 1338 in
350 1297 455 1338 cursu
489 1308 643 1340 naturae
676 1300 884 1350 ordinarii,
920 1311 1065 1352 nempe
1096 1298 1189 1338 lucis
1208 1295 1464 1352 Caffim'anae3

145 1361 251 1402 cuius
284 1361 382 1401 adeo
415 1361 610 1415 Epoclm,
646 1374 830 1416 quantum
864 1375 917 1402 ex
951 1365 1064 1403 certis
1097 1362 1260 1402 historiis
1307 1362 1465 1414 confiat,

144 1419 370 1468 retrahenda
401 1438 504 1465 nnnc
538 1428 610 1466 erit
645 1427 692 1467 ad
723 1439 867 1467 annum
901 1424 1043 1479 Christi
1082 1430 1194 1466 1620
1214 1458 1225 1478 ‚
1260 1438 1373 1478 quam
1393 1427 1462 1466 ali-

141 1500 184 1550 as¹
221 1488 375 1544 affigere
407 1489 528 1531 solent
558 1502 661 1531 anno
694 1487 837 1532 Christi
874 1494 1003 1542 1659.

1160 2120 1241 2164 DE
1272 2122 1455 2179 QVAN-
