1820 2506
212 1377 278 1416 wig.
313 1385 342 1415 3„

341 211 435 259 484-
575 202 916 251 OBSERVATIO
949 203 1196 251 ECLIPSIS
1225 206 1473 256 SOLARIS

344 323 389 366 lb
408 356 418 376 ,
453 335 523 376 per
555 332 679 376 partes
711 325 896 379 temporis
916 325 998 365 veri
1023 322 1164 365 Solaris
1180 323 1353 379 expreffa
1372 359 1383 379 ,
1417 327 1538 369 ductis
1554 336 1679 369 nem·'

346 401 397 442 pe
431 385 523 438 Bb,
558 387 660 439 Aa,
695 387 779 441 Ll,
831 390 877 429 ad
928 387 982 430 Ss
1033 389 1229 442 parallelis.
1295 388 1438 430 Sumto
1487 392 1667 446 deinceps

345 459 552 492 momento
586 451 760 504 appulsus
793 450 827 492 B
846 465 918 505 pro
935 462 1139 493 momento
1172 453 1461 507 observationis,
1496 455 1543 494 ad
1563 456 1667 507 quod

344 526 487 567 nempe
528 514 633 555 locus
664 516 785 556 centri
818 518 949 556 Lunae
990 514 1024 556 C
1066 519 1106 556 in
1139 517 1257 570 figura
1293 518 1475 570 defignari
1507 517 1636 558 debuit
1655 551 1666 571 ‚

344 577 507 632 quaesiui
557 579 814 620 correfflones
834 613 845 632 ,
897 594 919 620 a
954 581 1078 634 spatiis
1127 581 1216 633 ab,
1265 580 1306 622 lb
1325 614 1336 633 ,
1379 592 1466 622 aute
1498 580 1671 622 definitis

344 642 491 695 semper
533 640 797 684 subtrahendas
817 677 828 697 ‚
859 645 919 685 ob
952 642 1195 699 progressum
1226 644 1358 685 Lunae
1392 645 1537 686 indisco
1571 645 1670 685 Solis

345 707 586 759 temporibrs
605 702 672 760 per
696 707 813 761 spatia
831 709 887 749 ab
907 741 919 762 ,
953 709 996 750 lb
1016 741 1026 760 ,
1057 707 1200 749 factum
1221 741 1232 761 ‚
1264 710 1369 749 iuxta
1395 722 1480 750 eam
1509 709 1670 750 metho-

345 770 438 809 dum
459 802 470 821 ,
501 783 616 823 quam
639 770 710 811 fure
727 773 889 826 exposui
906 773 946 812 in
963 771 1212 827 descriptione
1244 773 1391 827 eclipfis
1407 772 1546 813 Solaris
1580 774 1617 813 d.
1639 786 1682 823 4-

346 833 494 886 August
529 835 569 875 st.
608 848 647 874 n.
688 845 806 886 1739
841 836 1037 890 Petropoli
1070 837 1316 889 obseruatae·⁷
1351 837 1452 877 hunc
1472 838 1511 876 in
1532 836 1666 889 finem,

346 907 392 938 vt
411 897 520 937 Luna
538 897 734 951 progressu
766 900 831 941 suo
865 901 966 953 quafi
997 901 1145 954 priuata
1177 913 1267 940 eum
1301 901 1508 953 acquireret
1539 902 1579 940 in
1599 899 1670 939 dis-

347 972 399 1000 co
431 960 533 1000 Solis
566 961 691 1013 titum,
725 976 841 1015 quem
874 963 1007 1003 habuit
1047 972 1255 1003 momento
1293 963 1465 1016 appulsus
1497 962 1543 1003 B.
1580 964 1670 1004 Hoc

347 1023 474 1064 modo
492 1025 738 1065 innotuerunt
758 1025 871 1079 spatia
889 1027 959 1076 ab,
977 1025 1034 1076 lb,
1053 1026 1249 1078 correrii-<13
1270 1036 1310 1065 et
1330 1039 1397 1079 per
1417 1027 1671 1067 construfflo-

348 1100 440 1127 nem
459 1087 657 1126 schematis
675 1100 729 1126 ex
745 1090 898 1140 cognita
918 1086 1017 1127 Solis
1035 1086 1313 1127 semidiametro
1329 1098 1369 1126 et
1388 1090 1536 1142 reliquis
1553 1092 1669 1142 ditis,

349 1149 492 1203 positio
519 1151 640 1189 centri
667 1149 798 1191 Lunae
822 1151 860 1190 in
881 1147 916 1189 C
934 1150 1103 1203 respee'tu
1120 1151 1225 1190 limbi
1242 1149 1341 1190 Solis
1357 1150 1539 1204 sequentis
1556 1162 1594 1191 et
1611 1154 1671 1191 di-

349 1214 436 1253 urni
475 1225 616 1266 nempe
655 1228 705 1255 sc
734 1224 776 1254 et
808 1212 872 1256 cC
911 1212 1051 1270 (dueta
1086 1211 1142 1256 Cc
1175 1215 1222 1254 ad
1254 1213 1303 1255 Ss
1331 1215 1508 1267 parallela
1528 1214 1564 1270 )·‚
1597 1227 1672 1257 nec

350 1288 434 1317 non
464 1275 743 1318 semidiameter
772 1277 919 1319 Lunae.
986 1276 1109 1319 Simili
1141 1278 1265 1319 modo
1296 1278 1338 1317 in
1368 1278 1542 1331 phafibus
1573 1278 1670 1319 cres-

353 1340 524 1381 centibus
562 1340 624 1381 seu
656 1341 746 1396 post
784 1343 1082 1388 obscurationem
1121 1342 1338 1382 maximam
1369 1355 1423 1382 ex
1455 1343 1672 1397 appulslbus

355 1404 463 1444 limbi
483 1401 581 1444 Solis
614 1407 870 1459 praecedentis
901 1407 931 1447 P
950 1439 961 1457 ,
995 1407 1105 1448 limbi
1124 1406 1254 1446 Lunae
1284 1405 1340 1457 L,
1373 1418 1493 1446 cornu
1514 1419 1671 1459 praece-

356 1469 479 1508 dentis
512 1465 547 1507 Β
565 1501 576 1519 ,
608 1470 795 1524 sequentis
835 1471 874 1512 A
894 1504 905 1524 ‚
940 1471 986 1511 ad
1017 1470 1129 1511 filum
1159 1470 1356 1510 horarium
1394 1470 1541 1510 reticuli
1574 1470 1637 1525 Pp
1657 1502 1670 1523 ,

353 1530 501 1571 obtinui
544 1535 658 1584 {paria
695 1535 784 1590 pb,
819 1536 906 1586 ab,
939 1534 1012 1580 lb.
1055 1544 1092 1575 et
1127 1535 1302 1586 deinceps
1343 1534 1390 1573 ad
1422 1544 1670 1574 momentum

352 1595 525 1648 appulsus
555 1593 590 1634 Β
620 1610 693 1649 pro
710 1609 919 1638 momento
950 1598 1220 1638 obsemationis
1236 1597 1398 1637 sumtum
1419 1629 1431 1649 ‚
1464 1597 1579 1650 spatia
1598 1597 1668 1649 ab,

352 1656 397 1699 lb
415 1691 427 1710 ‚
460 1657 665 1712 corredt213
702 1661 932 1713 pontionem
968 1663 1087 1702 centri
1118 1660 1250 1701 Lunae
1287 1673 1358 1713 per
1383 1669 1438 1714 pc
1455 1670 1494 1700 et
1511 1657 1545 1699 C
1555 1673 1596 1711 c,
1630 1668 1671 1700 et

357 1720 678 1763 semidiametrum
713 1724 858 1765 Lunae.
923 1724 1088 1778 Sequens
1122 1724 1245 1762 tabula
1277 1723 1368 1762 sistit
1393 1722 1671 1763 obseruationes

361 1787 577 1838 praecipuas
605 1789 730 1841 quoad
765 1790 850 1829 dat-„1
893 1798 930 1829 et
963 1787 1207 1828 deduc‘tiones
1239 1785 1327 1825 inde
1361 1783 1486 1826 filetus.
1554 1785 1672 1839 Figu-

353 1862 418 1890 rae
447 1858 579 1890 autem
614 1864 748 1894 omnes
777 1853 848 1895 situ
877 1853 1007 1895 excito
1041 1851 1250 1893 delineatae
1281 1847 1442 1903 intelligi
1480 1849 1635 1892 debent.

1586 2164 1671 2226 1222·
