2912 4368
536 1005 619 1049 DE
653 997 734 1047 CV
734 1001 900 1049 LORIS
933 1000 1016 1048 ET
1034 1004 1071 1048 F
1071 1001 1296 1050 RIGORIS
1329 1000 1514 1049 CAVSA
1625 1019 1709 1059 217

2285 1077 2287 1094 l

381 1135 421 1169 tu
452 1124 520 1167 suo
553 1125 813 1178 retardantur,
849 1124 906 1181 (ξ.
935 1125 1029 1183 18.)
1072 1127 1238 1181 ideoque
1272 1126 1358 1166 alias
1392 1125 1458 1167 fibi
1491 1127 1718 1181 contiguas,
2285 1095 2287 1129 Ι

382 1190 458 1234 hae
492 1202 590 1231 vero
625 1189 709 1230 alias
744 1201 858 1245 atque
893 1192 981 1246 alias
1012 1191 1208 1233 succeffiue
1242 1190 1358 1245 vique
1399 1191 1446 1231 ad
1480 1190 1721 1245 superficiem
2285 1172 2330 1243 ly*

380 1255 577 1296 contactui
611 1255 832 1308 oppositam
864 1258 1128 1311 praepediunt.
1206 1256 1310 1296 Hinc
1353 1253 1580 1310 perspicitur
1600 1290 1611 1310 ‚
1645 1269 1721 1296 vn·
2287 1248 2307 1263 '¹

383 1321 433 1361 de
466 1319 533 1361 fiat
552 1352 562 1371 ,
598 1329 642 1359 vt
677 1321 851 1373 corporis
885 1322 1011 1362 minus
1045 1321 1176 1373 calidi,
1212 1319 1374 1374 appositi
1407 1322 1563 1374 corpori
1599 1321 1720 1374 magis

380 1384 506 1426 calido
524 1417 535 1435 ‚
571 1382 785 1437 superficies
817 1387 857 1425 in
884 1387 1065 1427 contactu
1109 1385 1314 1426 constituta
1353 1386 1456 1439 prius
1499 1385 1720 1438 incalescat,

382 1462 500 1503 quam
519 1447 639 1489 auersa
665 1480 676 1499 ‚
720 1458 759 1488 et
778 1451 950 1503 corporis
975 1451 1164 1490 calidioris
1182 1451 1329 1490 admoti
1358 1450 1514 1504 corpori
1533 1448 1721 1504 frigidiori

381 1514 562 1568 contigua
581 1510 796 1565 superficies
822 1514 927 1567 prius
944 1514 1206 1567 refrigeretur,
1235 1528 1349 1568 quam
1381 1515 1507 1555 eidem
1526 1515 1718 1569 opposita.

534 1578 568 1626 §.
594 1588 665 1615 20.
706 1575 747 1617 Si
781 1579 954 1633 corporis
989 1580 1115 1620 minus
1149 1579 1262 1618 calidi
1297 1579 1335 1619 A
1355 1578 1620 1633 superficiebus
1646 1593 1907 1635 op-phaenom.9

379 1643 510 1698 positis
560 1642 816 1682 admouentur
864 1643 943 1683 duo
982 1656 1147 1697 corpora
1182 1644 1302 1696 magis
1343 1644 1463 1683 calida
1516 1642 1550 1683 B
1584 1654 1621 1684 et
1665 1642 1722 1697 C,

380 1708 429 1749 ab
460 1717 621 1760 Vtraque
655 1705 854 1761 superficie
893 1708 1167 1763 propagabitur
1208 1718 1337 1748 motus
1382 1707 1575 1748 intestinus
1609 1722 1722 1762 gyra-

378 1773 496 1813 torius
530 1770 654 1812 versus
685 1772 844 1812 alteram
865 1805 875 1824 ,
918 1773 1095 1826 adeoque
1137 1772 1328 1824 integrum
1372 1784 1513 1825 corpus
1544 1773 1583 1812 A
1619 1774 1720 1813 cele-

377 1838 452 1878 rius
488 1836 692 1890 occupabit
712 1870 722 1889 ‚
758 1849 874 1890 quam
908 1836 935 1878 si
968 1837 1015 1877 ab
1046 1848 1130 1877 vno
1164 1835 1285 1875 latere
1320 1835 1512 1890 profectus
1546 1838 1593 1877 ad
1626 1837 1716 1878 alte<

377 1915 465 1944 rum
509 1901 726 1955 pertingere
766 1914 865 1954 opus
906 1901 1092 1953 haberet,
1136 1901 1182 1941 ad
1219 1910 1334 1941 moto
1369 1914 1514 1955 nempe
1547 1915 1716 1956 corpore

379 1966 561 2007 alterutro
595 1963 630 2005 B
674 1965 740 2005 vel
782 1963 850 2018 C;
895 1968 1036 2019 pariter
1078 1966 1103 2005 si
1136 1977 1275 2018 corpus
1307 1965 1347 2004 A
1383 1966 1435 2006 est
1469 1968 1590 2019 magis
1625 1968 1716 2007 cali-

378 2030 471 2071 dum
524 2042 640 2083 quam
692 2027 726 2068 B
768 2038 807 2069 et
850 2026 884 2068 C
911 2062 922 2081 ,
976 2041 1142 2083 corpora
1191 2029 1371 2083 vtrinque
1420 2029 1474 2069 illi
1524 2030 1712 2085 admota3

379 2104 508 2136 motus
541 2093 754 2147 gyratorius
788 2093 1058 2147 particularum
1093 2094 1169 2134 eius
1203 2093 1361 2134 celerius
1396 2094 1509 2135 debet
1535 2096 1714 2136 retardari

378 2172 494 2214 quam
542 2158 569 2198 fi
620 2170 757 2211 corpus
796 2159 833 2198 A
879 2172 961 2199 vno
1012 2159 1127 2198 latere
1177 2156 1271 2198 effet
1311 2160 1349 2198 in
1393 2160 1573 2200 contaCtu
1624 2173 1715 2201 cum

377 2235 544 2278 corpore
587 2223 714 2262 minus
757 2223 882 2263 calido
928 2221 962 2262 B
996 2223 1060 2263 vel
1095 2220 1143 2262 C.
1214 2224 1316 2264 Hinc
1351 2223 1516 2277 sequitur
1550 2226 1715 2279 particu-

377 2288 499 2329 larum
541 2296 694 2328 motum
725 2288 965 2339 gyratorium
1000 2300 1050 2327 eo
1086 2286 1239 2328 celerius
1272 2289 1416 2329 intendi
1452 2289 1515 2329 vel
1549 2290 1713 2342 remitti,

378 2365 457 2407 quo
489 2354 615 2392 maior
648 2351 861 2404 superficies
895 2354 1103 2405 exponitur
1146 2354 1303 2406 corpori
1343 2353 1515 2393 calidiori
1548 2355 1614 2394 vel
1648 2354 1713 2394 fri-

380 2418 518 2471 gidiori
580 2416 778 2455 ambienti.
868 2416 1068 2472 Quoniam
1121 2427 1248 2457 autem
1302 2416 1514 2470 superficies
1567 2431 1708 2472 corpov

378 2495 464 2523 rum
499 2480 678 2521 similium
713 2480 796 2520 sunt
840 2481 879 2520 in
923 2481 1145 2534 duplicata,
1197 2481 1398 2521 soliditates
1438 2495 1535 2522 vero
1568 2484 1607 2521 in
1644 2483 1713 2523 tri-

379 2546 517 2600 plicata
557 2545 705 2584 ratione
748 2545 1024 2586 diametrorum
1045 2578 1055 2597 >
1100 2545 1245 2586 rursum
1289 2547 1401 2598 igitur
1442 2547 1593 2586 euidens
1628 2548 1681 2586 est
1701 2582 1712 2600 ‚

379 2623 494 2664 quare
528 2621 693 2660 corpora
728 2610 845 2650 calida
878 2611 1045 2650 eiusdem
1064 2611 1230 2665 generis,
1256 2611 1411 2650 maioris
1444 2611 1653 2650 voluminis
1673 2614 1714 2651 in

380 2674 520 2714 eodem
556 2672 685 2712 medio
726 2674 917 2713 ambiente
952 2708 962 2726 ‚
1013 2688 1063 2715 ex
1099 2687 1154 2728 gri
1190 2687 1289 2726 aere⁷
1325 2684 1363 2714 et
1400 2675 1570 2715 eiusdem
1615 2675 1713 2728 figu-

381 2751 444 2779 rae
486 2736 619 2776 tardius
670 2735 936 2789 refrigerantur
955 2771 965 2789 ,
1015 2737 1148 2791 frigida
1188 2752 1284 2779 vero
1327 2740 1463 2780 tardius
1504 2739 1711 2794 calefiunt,

380 2814 499 2855 quam
531 2800 558 2839 si
589 2801 756 2840 eiusdem
791 2801 996 2842 voluminis
1029 2801 1161 2843 ess‘ent,
1719 2818 1916 2857 {memmae

532 2866 564 2913 ξ.
591 2877 658 2903 21.
706 2862 887 2919 Corpora
929 2877 1037 2907 mota
1077 2876 1115 2906 et
1160 2867 1385 2921 quiescentia
1428 2869 1597 2910 resistunt
1638 2884 1713 2925 pro

382 2931 530 2974 ratione
564 2930 752 2984 inertiae,
789 2944 902 2985 quam
936 2932 1109 2988 grauitati
1144 2932 1485 2989 proportionalem
1520 2933 1596 2977 effe
1616 2949 1711 2976 con-

446 2994 483 3035 T
486 3006 566 3037 om.
603 2993 636 3035 ΙΜ
1029 2995 1066 3040 E
1100 3007 1121 3037 e
1642 3001 1712 3040 stat
