1820 2506
354 174 446 218 3250
681 169 762 211 DE
801 165 991 212 VTERo
1034 165 1326 216 MVLIEBRI

290 294 293 296 ·
349 285 442 326 dem
480 285 619 327 iudicio
639 317 650 337 ‚
694 286 913 341 colligitur:
963 295 1116 327 vterum
1164 296 1439 340 praegnantem
1489 287 1657 341 perfecte

350 348 517 388 clausum
551 347 658 402 effer,
692 362 852 391 omnem
893 350 1006 403 igitur
1054 351 1256 390 introitum
1298 350 1361 390 vel
1390 353 1468 391 aseri
1501 352 1562 392 vel
1595 351 1658 391 ahi

354 412 521 464 cuipiam
555 411 708 452 humori
742 413 945 466 denegari,
981 413 1124 453 nullam
1158 413 1272 466 igitur
1302 413 1658 467 superfoetationem

355 472 441 513 fieri
471 473 580 527 poffe
610 476 651 515 iu
683 474 884 527 systemato
918 477 1177 528 vermiculat-i,
1218 488 1339 530 neque
1372 477 1489 516 etiarn
1521 478 1560 517 in
1580 488 1660 517 non

356 538 624 590 pragnantibus
658 538 787 579 semen
827 541 867 579 in
909 541 1008 579 vteri
1047 541 1246 580 cauit-atem
1289 540 1483 581 ascendere
1522 536 1631 592 poffe
1649 569 1660 591 ,

354 600 443 653 quia
476 600 578 640 idem
610 614 744 643 mucus
776 603 815 644 in
847 603 1027 644 omnibus
1057 603 1137 644 aliis
1166 603 1356 645 ceruleum
1397 601 1529 643 osculis
1544 634 1556 654 ,
1595 601 1661 642 sal-

354 671 438 703 tem
481 665 650 704 externis
664 697 677 717 ‚
713 666 824 706 adest.

474 727 634 768 XVIII.
669 726 849 783 Denique
880 729 990 770 liceat
1028 742 1085 770 ex
1126 729 1448 770 obseruationibus
1485 729 1582 769 meis
1620 740 1662 768 ea

355 800 670 832 commemorare
685 824 696 844 ,
730 805 824 846 quae
855 793 903 833 ad
935 793 1190 834 illustrandam
1224 793 1419 833 historiam
1459 792 1663 832 ouulorum

357 851 697 895 Nabothianorum
732 854 852 896 fircere
870 889 882 908 ,
916 865 954 897 et
984 855 1143 896 fortaffis
1176 855 1277 896 haud
1309 855 1501 895 obfcuram
1538 855 1663 896 facem

354 915 399 956 in
432 917 666 958 diiudicanda
698 919 953 959 controuersia
986 920 1117 960 afferre
1148 928 1359 972 potet-unm
1394 918 1564 959 Memini
1581 918 1661 971 qui-

356 977 447 1018 dem
472 991 536 1020 me
553 980 646 1021 olim
689 981 779 1021 tales
808 981 990 1022 vessculas
1022 980 1184 1034 vidiffe,
1220 992 1257 1022 et
1289 982 1663 1034 conuentuiquoque

355 1040 576 1095 specstandas
592 1041 818 1084 exhibuiffe.
837 1044 1005 1085 Memini
1021 1046 1147 1096 etiam,
1162 1057 1228 1085 me
1253 1044 1329 1084 alio
1346 1053 1523 1097 tempore
1536 1043 1662 1084 frustra

356 1103 595 1158 quaefiuiffe3
610 1107 799 1158 memini,
814 1118 909 1159 quae
928 1107 1050 1159 pridie
1069 1108 1244 1157 aderant,
1262 1107 1443 1158 postridte
1460 1105 1662 1146 euanuifi‘e.

358 1164 438 1208 Sed
455 1167 502 1207 de
521 1167 691 1208 subiectis
724 1168 800 1209 hoc
817 1180 917 1209 anno
935 1169 1069 1209 oblatis
1085 1167 1290 1210 affeuerare
1306 1180 1418 1222 queO,
1434 1180 1498 1208 me
1517 1170 1667 1210 easdem

361 1239 403 1271 et
420 1242 500 1270 non
534 1229 670 1271 vidiffe
702 1241 741 1272 et
759 1229 893 1272 vidifl‘e
926 1235 965 1272 in
982 1233 1115 1273 eadem
1147 1232 1318 1282 ceruice,
1352 1230 1528 1271 veficulas
1545 1229 1667 1271 adeffe

358 1302 400 1333 et
430 1306 511 1336 non
543 1293 668 1335 adesse
702 1292 821 1348 posse.
886 1295 1109 1350 Explicabo
1133 1295 1369 1350 paradoxon.
1440 1294 1569 1336 Primo
1586 1295 1668 1348 qui-

358 1356 450 1397 dem
483 1357 635 1399 obtuitu
669 1358 754 1399 illae
785 1359 825 1400 in
859 1359 963 1399 nulla
994 1361 1144 1400 ceruice
1172 1370 1394 1412 apparuere.
1462 1356 1537 1399 Sed
1576 1371 1666 1398 cum

359 1431 427 1460 ex.
462 1433 518 1473 gr.
553 1430 680 1462 vterus
713 1435 921 1475 praegnans
952 1422 1165 1462 delineandi
1195 1419 1319 1461 cauffa
1352 1421 1498 1474 quietus
1515 1422 1667 1474 iaceret,

360 1483 401 1523 in
435 1493 615 1524 extremo
647 1485 770 1525 limbo
803 1486 917 1525 osculi
952 1486 1107 1526 ceruicis
1140 1486 1290 1525 externi
1323 1485 1538 1524 oriebantur
1577 1498 1668 1537 pau-

362 1546 472 1586 latim
512 1547 635 1600 aliqua
666 1548 886 1600 corpuscula
918 1548 1073 1600 globosa
1089 1581 1100 1600 ,
1132 1548 1253 1600 magis
1292 1556 1422 1587 tamen
1464 1548 1668 1587 rubicunda

363 1621 406 1649 ac
438 1622 570 1650 mucus
603 1611 668 1663 qui
701 1620 901 1652 caffltatem
918 1611 1075 1651 ceruicis
1089 1610 1295 1651 obsederat.
1363 1610 1557 1650 Accurato
1573 1622 1667 1650 exa-

362 1673 469 1714 mine
501 1673 671 1716 instituto
705 1674 806 1723 vidi,
838 1686 920 1713 non
953 1671 1029 1713 effe
1061 1673 1240 1714 veficulas
1272 1672 1442 1725 smgulari
1467 1673 1590 1713 tunica
1608 1674 1667 1713 In-

363 1735 476 1776 clusas
495 1769 505 1789 ,
547 1737 608 1776 sed
650 1734 725 1776 effe
766 1737 877 1777 illum
917 1737 1054 1790 ipfinn,
1080 1749 1235 1777 mucum
1269 1748 1321 1775 ex
1360 1736 1505 1775 ceruice
1534 1737 1668 1788 sponte

360 1798 580 1851 expressum
599 1832 609 1851 ,
640 1800 679 1841 in
713 1799 955 1852 globulorum
994 1801 1158 1840 formam
1201 1797 1450 1838 conuolutum
1468 1831 1479 1850 ,
1522 1799 1587 1852 qui
1626 1800 1668 1840 in

361 1862 595 1903 foraminulis
628 1863 735 1916 supra
768 1863 988 1904 memoratis
1029 1873 1221 1916 tamquam
1254 1874 1275 1901 a
1316 1861 1536 1914 pedunculis
1577 1860 1669 1903 hae»

360 1925 521 1979 rebant,
563 1936 602 1966 et
634 1939 686 1967 ex
728 1926 801 1967 illis
841 1926 991 1967 extrahi
1030 1936 1069 1966 et
1117 1924 1289 1977 abrumpi
1340 1937 1420 1964 nou
1465 1937 1560 1964 vero
1600 1937 1668 1968 ceu

360 1989 521 2029 veficula
552 1990 823 2030 determinatae
855 1989 1124 2042 magnitudinis
1157 1987 1289 2028 auferri
1307 1996 1492 2040 poterant.
1558 1986 1666 2028 Con-

361 2051 560 2095 mediando
594 2062 633 2097 et
665 2053 877 2112 premendo
910 2053 1036 2108 plures
1066 2051 1200 2092 licebat
1237 2051 1458 2104 producere,
1534 2051 1666 2092 Mace-

1519 2124 1667 2158 tamone
