1820 2506
705 155 738 215 )(
769 161 826 208 67
861 152 896 216 )(

149 283 191 316 et
221 285 298 328 ope
331 272 539 315 tabularum
579 270 714 313 exac'te
744 268 991 313 determinari
1032 267 1203 325 potuerit
1221 302 1232 323 ‚
1266 269 1451 325 quoniam

149 352 231 380 non
272 339 314 378 in
353 350 432 378 vno
473 337 687 390 eodemque
730 337 848 390 plano
868 369 879 388 ,
920 334 1011 376 ficut
1051 335 1227 389 planetae
1245 368 1256 388 ,
1295 344 1452 376 motum

145 403 342 454 abioluat,
378 412 416 442 et
449 402 528 442 eius
569 400 740 441 distantia
780 400 955 442 maxima
995 408 1035 440 et
1069 391 1232 440 mininia
1264 398 1455 440 variabilis

150 465 302 519 semper
343 475 382 505 et
414 465 626 506 inconstans
665 464 981 518 deprehendatur.
1059 463 1163 505 Hinc
1209 463 1455 518 inaequalita-

149 539 231 570 tem
272 531 349 569 eius
380 542 456 569 non
489 530 536 569 ad
570 529 724 568 vuicam
767 529 1033 583 aequationem
1074 540 1254 568 reuocare
1284 524 1427 568 licuiffe
1444 558 1456 578 ‚

144 593 207 633 sed
258 594 377 646 plures
427 590 535 632 fuiffe
578 591 793 631 condendas
830 592 974 632 tabulas
1021 593 1289 645 aequationum
1310 624 1321 644 ,
1361 602 1459 645 quae

145 658 319 710 quamuis
359 656 545 695 calculum
584 655 786 695 *effecerint
827 654 1135 696 molestiffimum
1154 689 1165 708 ,
1205 664 1337 697 tamen
1377 665 1458 695 non

148 720 315 774 perfedte
346 733 435 759 cum
471 719 585 759 coelo
617 719 829 759 consentire
866 719 1113 773 deprehenfits
1144 717 1265 760 fuiffe.

264 784 298 832 ξ.
324 795 363 822 2.
398 782 531 823 Docet
550 815 560 834 ‚
594 795 673 823 non
690 782 860 824 obstante
876 793 989 824 motu
1023 783 1102 824 hoc
1135 784 1355 837 perturbato
1371 783 1461 825 the-

144 848 272 888 oriam
307 848 446 887 summi
481 848 642 889 Neutom'
657 881 667 899 ,
713 846 876 901 Keplerir
896 847 1036 901 legibus
1059 848 1349 901 superstruCtam
1378 860 1462 888 rna-

149 913 359 965 ximopere
397 911 609 951 conducere
647 911 696 951 ad
728 911 922 952 soluendus
959 910 1202 951 difficultates
1240 912 1339 952 circa
1373 923 1465 952 mo-

146 983 235 1015 tum
269 974 589 1016 contumacissimi
624 974 735 1015 huius
765 975 888 1015 sideris
919 975 1050 1016 obuias
1069 1008 1079 1026 ,
1113 976 1263 1016 tametsi
1296 975 1464 1016 attradti-

148 1051 270 1079 onem
290 1073 301 1092 ‚
342 1052 457 1093 quam
498 1038 700 1079 sectatores
741 1039 905 1081 Neutom·
938 1040 984 1080 ad
1018 1040 1152 1079 omnia
1187 1038 1335 1093 prorsus
1376 1052 1464 1080 cor·

151 1115 247 1157 pora
279 1103 490 1143 extendere
524 1112 638 1157 atque
667 1103 766 1143 'adeo
799 1103 1092 1158 proprietatibus
1126 1104 1307 1143 materiae
1341 1116 1465 1144 annu-

151 1178 299 1207 merare
339 1169 422 1207 suut
460 1168 621 1220 conati,⁴
663 1177 844 1221 tanquam
888 1167 1015 1209 austun
1057 1167 1173 1207 nimis
1211 1168 1463 1208 temerarium

153 1231 328 1282 reiiciat,
369 1231 550 1284 quoniam
577 1243 669 1284 ›pro
711 1231 778 1271 vsu
817 1231 1096 1272 Astronomico
1129 1229 1317 1283 sufficiat,
1353 1229 1464 1272 nosse

153 1294 340 1334 eiusmodi
371 1295 473 1333 vires
506 1295 544 1332 iu
566 1294 714 1333 mundo
734 1306 774 1334 re
792 1295 867 1347 ipsa
902 1295 1084 1345 existere,
1103 1306 1261 1346 quarum
1296 1294 1465 1347 effectus,

153 1370 244 1398 cum
287 1357 381 1397 soJus
424 1357 613 1410 spectetur
629 1390 640 1411 ‚
681 1358 839 1411 perinde
878 1358 922 1400 fit
954 1356 1058 1399 caufa
1089 1357 1165 1399 siue
1198 1358 1350 1413 cognita
1390 1358 1467 1402 siue

153 1421 359 1475 incognita.
506 1420 507 1423 ’

269 1486 317 1527 Id
356 1486 479 1535 ¹saltim
519 1499 589 1529 nos
628 1488 791 1542 lucrari,
832 1488 936 1544 quod
977 1492 1106 1546 positis
1147 1490 1205 1532 his
1238 1491 1468 1547 principiis‚‘

152 1562 232 1604 quo
265 1552 399 1590 omnia
432 1564 594 1605 corpora
625 1554 801 1594 coelestia
842 1555 878 1594 se
915 1567 1052 1596 mutuo
1084 1555 1271 1596 attrahere
1304 1557 1468 1597 statuun-

153 1623 215 1654 tur
233 1647 243 1666 ‚
279 1614 547 1656 determinatio
577 1626 754 1658 motuum
776 1618 840 1671 qui
867 1620 905 1658 in
931 1620 1046 1659 coelo
1064 1620 1161 1660 fiunt
1194 1620 1240 1660 ad
1272 1621 1467 1661 resolutio-

155 1690 247 1718 nem
279 1678 564 1732 problematum
600 1680 914 1723 mechanicorum
940 1685 1164 1736 reducatur,
1200 1685 1329 1736 prouti
1359 1684 1469 1724 fufius

155 1752 195 1781 et
211 1741 398 1795 eleganter
422 1743 455 1791 ξ.
481 1754 518 1791 3.
551 1746 782 1797 exponitur,
815 1756 854 1785 et
880 1748 1033 1788 tandem
1060 1749 1250 1788 euincitur
1276 1748 1466 1802 Magnum

159 1805 383 1855 Nemorum,
409 1807 473 1859 qui
500 1808 576 1860 ipse
594 1809 763 1861 primum
790 1809 867 1849 hoc
889 1813 1084 1864 negotium
1106 1809 1296 1865 aggressus
1315 1845 1325 1865 ,
1344 1813 1468 1851 incre-

158 1868 343 1924 dibileque
360 1870 524 1911 studium
559 1873 598 1911 in
618 1871 689 1912 hac
710 1874 928 1926 quaestione
955 1877 1154 1916 enodanda
1178 1875 1302 1928 posuit
1321 1909 1330 1927 ,
1367 1876 1465 1917 sum-

160 1933 513 1974 masswdifficultates
540 1936 592 1976 ob
618 1936 751 1977 oculos
776 1950 943 1990 ponere,
963 1940 1096 1991 quibus
1122 1939 1187 1978 iste
1213 1939 1377 1980 calculus
1404 1940 1466 1980 ad-

160 1994 234 2036 huc
250 1995 411 2049 laboret,
431 2008 576 2039 tantum
598 1999 720 2039 abesse
740 2032 750 2050 ,
778 2010 823 2040 vt
840 2001 1044 2054 susceptum
1066 2003 1141 2043 hoc
1170 2016 1268 2058 opus
1286 2014 1349 2043 aut
1367 2003 1469 2059 ipstz,

160 2068 224 2100 aut
258 2059 323 2115 qui
355 2062 441 2115 post
473 2075 562 2104 eum
596 2062 684 2105 huic
717 2065 878 2117 negotio
911 2064 947 2105 se
965 2068 1258 2122 applicuerunt,
1293 2068 1469 2112 confece-

766 2141 779 2169 1
817 2141 842 2168 ’ὲ
1421 2138 1470 2183 rit
