1820 2506
396 183 708 240 RARIORVM
743 181 1101 230 PLANTARHQ
1314 193 1399 242 ³81

91 322 205 355 natae
247 312 542 366 descriptionem
592 309 850 362 subiungemus
877 339 890 359 ‚
932 307 1073 362 partim
1115 312 1160 348 vt
1201 318 1245 347 ea
1264 338 1275 359 ,
1314 318 1409 360 quae

92 378 282 420 inuentori
330 375 524 416 obseruare
563 387 642 415 non
684 373 792 412 licuit
820 403 832 422 ,
871 371 1137 425 suppleamus:
1181 371 1325 425 partim
1363 377 1411 409 vt

93 441 238 482 collatis
256 441 353 480 inter
384 440 418 480 se
454 437 763 492 descriptionibus
801 444 979 489 appareat
995 468 1007 488 ,
1046 444 1234 490 quantum
1267 434 1411 475 diuersa

91 504 161 545 soli
194 512 326 545 natura
360 516 478 543 vnam
512 502 746 553 eandemque
782 499 951 554 plantam
982 509 1132 542 mutare
1163 498 1278 539 valet.

211 567 365 620 Magnis
396 566 596 620 cespitibus
628 564 786 606 nascitur
804 595 816 616 ,
849 572 889 604 et
920 573 1001 605 tota
1035 564 1139 605 breui
1171 563 1308 604 albenti
1333 561 1412 603 hit-

93 631 186 672 sutia
219 631 343 684 aspera
383 629 448 670 est.

211 695 354 736 Radice
389 694 519 733 nititur
550 691 694 746 lignofil
715 724 725 744 ,
758 691 863 745 supra
897 705 1046 746 pennae
1063 692 1306 734 columbinae
1324 689 1420 732 cras-

95 758 177 799 fitie
196 791 206 810 ‚
240 757 414 797 inferiora
448 757 571 797 versus
604 765 793 796 attenuata
812 787 823 807 ,
865 756 912 796 ab
954 757 1069 797 vncia
1102 757 1147 797 ad
1182 755 1423 810 sesquipolli-

93 833 178 860 cem
212 820 325 874 longa
344 851 354 871 ‚
389 819 543 874 oblique
577 820 615 860 in
650 830 791 859 terram
834 819 1080 860 descendente
1099 854 1110 873 ‚
1145 819 1317 874 plurimis
1335 819 1419 860 bre-

93 883 195 923 uibus
214 915 225 935 ,
260 882 496 936 capillaribus
526 883 628 924 fibris
660 896 731 936 per
769 893 895 922 totam
928 884 1206 935 longitudinem
1251 884 1386 934 stipata
1405 913 1418 933 ,

92 955 203 986 extra
235 946 333 987 fusca
366 947 600 1000 epidermide
632 945 798 985 obducta
819 975 830 992 ,
869 945 970 986 intus
1018 945 1225 986 virescente
1243 977 1254 997 ‚
1307 943 1416 985 nullo

93 1009 251 1051 notabili
285 1010 406 1049 odore
435 1019 500 1049 aut
520 1013 651 1063 sapore
691 1008 872 1062 praedita.

209 1070 343 1112 Caules
388 1072 668 1126 sesquiunciales
687 1103 696 1121 ,
737 1071 941 1110 biunciales
987 1080 1052 1112 aut
1094 1082 1133 1112 et
1168 1071 1284 1127 paulo
1323 1072 1411 1114 lon-

95 1136 215 1188 giores
232 1168 243 1187 ,
284 1136 400 1175 eresti
440 1144 506 1174 aut
545 1134 754 1185 declinati,
789 1143 923 1174 teretes
941 1167 952 1185 ‚
985 1147 1007 1174 e
1041 1135 1180 1187 glauco
1212 1137 1408 1187 virentes,

95 1198 215 1238 tribus
247 1207 309 1237 aut
342 1206 504 1251 quatuor
536 1197 634 1237 foliis
665 1197 789 1238 vestiti
822 1207 861 1238 et
903 1198 1021 1237 vnico
1060 1207 1124 1238 aut
1163 1199 1310 1239 duobus
1349 1212 1409 1240 ra·

97 1261 212 1302 mulis
244 1260 414 1301 floriferis
431 1294 441 1313 ‚
476 1273 498 1302 e
532 1260 715 1302 foliorum
747 1261 812 1301 alis
845 1261 1111 1314 prodeuntibus
1127 1295 1138 1314 ,
1172 1263 1287 1304 aucti.

214 1323 321 1364 Folia
361 1324 530 1378 elliptica
577 1334 718 1366 acuta:
762 1324 937 1366 radicalia
985 1326 1149 1379 plurima
1191 1327 1230 1366 in
1272 1326 1410 1370 orbem

97 1387 270 1441 disposita
308 1394 329 1429 8
366 1397 429 1428 aut
462 1402 490 1439 9
522 1388 638 1429 lineas
672 1389 785 1442 longa
803 1421 814 1440 ,
848 1400 871 1427 2
906 1398 945 1429 et
982 1399 1004 1437 3
1041 1389 1135 1444 lat-‘13
1171 1391 1317 1431 catilina
1350 1394 1410 1434 ἰη-

95 1452 231 1491 seriora
270 1451 384 1504 paulo
429 1452 598 1493 breuiora
626 1485 636 1504 ,
678 1452 873 1493 summum
915 1453 987 1493 vix
1031 1464 1054 1501 3
1098 1453 1283 1495 linearum
1326 1456 1407 1497 est:

97 1515 231 1554 omnia
263 1516 376 1554 acutis
411 1524 451 1556 et
482 1516 605 1568 longis
638 1516 812 1556 dentibus
831 1549 842 1569 ,
874 1518 1060 1570 quaedam
1094 1526 1225 1557 tamen
1242 1519 1419 1572 pluribus

96 1576 166 1617 alia
196 1578 454 1630 paucioribus,
488 1579 714 1634 plerumque
746 1580 846 1620 circa
880 1580 1071 1631 medium,
1104 1581 1285 1625 instructa
1320 1590 1416 1629 sunt,

214 1640 347 1680 Flores
379 1643 418 1682 in
453 1642 607 1683 summo
642 1643 749 1684 caule
784 1652 823 1683 et
855 1644 970 1683 mmis
1003 1645 1302 1696 quodammodo
1327 1665 1416 1692 vm·

99 1704 255 1755 bellati,
298 1704 519 1746 tenuissimis
562 1707 746 1760 pediculis
789 1706 836 1747 ab
867 1719 944 1746 vna
981 1706 1081 1748 linea
1126 1712 1173 1752 ad
1215 1726 1255 1762 1}
1290 1714 1418 1769 longis

99 1768 267 1807 insistunt
284 1798 295 1816 ,
328 1769 485 1820 quidam
518 1778 555 1809 et
587 1770 720 1812 seffiles
751 1770 844 1811 sunt.

216 1826 330 1869 Calix
363 1830 636 1884 tetraphyllus,
678 1834 807 1874 eluteo
858 1835 991 1876 viridis
1011 1871 1022 1890 ,
1077 1838 1218 1882 foliolis
1264 1843 1388 1883 ouatis
1408 1877 1420 1895 ‚

100 1891 478 1945 ere&o·parentibus
497 1928 508 1947 ,
541 1895 738 1951 decidui53
773 1912 940 1953 quorum
983 1903 1066 1945 §1110
1110 1906 1284 1960 oppofita
1325 1921 1422 1949 con-

101 1967 192 1994 caua
225 1965 264 1994 et
295 1956 366 1997 basi
405 1958 515 2012 gibba
548 1959 643 1998 sunt.

219 2016 379 2090 Corolla
411 2023 630 2076 tetrapetala.
663 2024 760 2064 alba.
827 2026 960 2071 Peraia
993 2031 1239 2086 fiibrotunda‚
1283 2035 1420 2076 leuiffi-

102 2095 169 2123 me
202 2093 457 2136 emlsgmstta,
488 2099 645 2140 magna>
679 2088 818 2142 plana,
851 2097 1042 2149 patentia,
1075 2098 1115 2138 in
1146 2109 1291 2152 vngues
1321 2101 1421 2141 lute-

101 2146 248 2186 scentes
281 2145 519 2200 longitudine
552 2150 676 2191 calicis
710 2153 896 2197 desinunt„

1366 2231 1426 2272 Fi⁴
