1820 2506
422 192 513 232 404
648 177 728 221 DE
761 174 938 220 MOTV
971 175 1221 220 NODORV
1223 178 1280 219 M
1310 178 1387 222 LV
1390 178 1515 222 NAE

425 296 594 338 normali
635 302 733 346 ml),
777 293 1044 346 compleantur
1085 294 1302 347 feet-angula
1345 296 1521 351 Mtem3
1567 296 1744 350 Psmp·,

428 360 614 412 dustaque
648 357 728 399 Μν
761 356 937 411 parallela
968 358 1038 410 ipsi
1073 356 1151 399 GA
1171 391 1181 410 ,
1225 367 1354 398 motus
1396 359 1505 400 lunae
1536 359 1746 401 resoluetur

429 423 564 476 sponte
614 422 655 462 in
707 429 783 462 tres
821 420 988 460 laterales
1006 453 1017 473 ,
1067 435 1233 475 quorum
1284 422 1359 462 duo
1401 431 1509 463 erunt
1551 425 1588 464 in
1630 423 1746 476 plano

429 493 628 547 eclipticae
669 493 762 533 alter
809 492 1012 533 secundum
1048 492 1128 534 Mr
1160 492 1352 534 celeritate
1385 508 1442 534 z:
1476 483 1524 547 ff}
1542 480 1697 548 2:30}ss
1734 529 1747 549 ‚

429 564 527 605 alter
557 564 756 605 secundum
790 563 867 605 Ms
898 563 1089 604 celeritate
1123 577 1177 603 :z
1213 553 1257 618 Ξ-ῑῗ
1275 578 1329 603 Ξ
1346 550 1387 620 “J-„ys
1453 569 1552 607 tertii
1620 575 1746 606 autem

432 648 560 676 motus
580 668 589 686 ‚
624 648 702 689 quo
733 636 820 676 luna
854 649 875 675 a
909 635 1027 688 plano
1048 635 1247 690 eclipticae
1280 639 1449 690 recedit,
1483 638 1642 679 direecio
1670 636 1744 676 erit

919 696 962 716 F?
1051 692 1067 715 ri

433 705 494 748 Et
514 740 525 760 ,
558 716 595 747 et
628 706 798 747 celeritas
830 721 884 747 1:
916 721 1031 761 πῖ
1050 724 1105 761 a-'r-

550 779 583 827 (5.
612 790 680 826 13.
718 777 1006 820 Consideremus
1049 793 1147 821 nunc
1181 793 1332 835 quoque
1365 781 1465 821 vires
1483 814 1493 832 ,
1528 782 1660 835 quibus
1690 780 1749 821 lu-

432 854 482 882 na
513 842 749 883 sollicitatur.
818 843 880 883 Ac
916 844 1046 896 primo
1080 843 1234 896 quidem
1267 858 1287 883 a
1321 855 1421 883 terra
1463 845 1656 897 vrgebitur
1695 844 1750 885 sol

434 913 476 952 in
496 914 704 953 diretffioue
722 914 751 953 F
756 913 792 954 G
815 916 855 952 vi
876 927 928 952 Ξ
939 909 1014 973 {³253
1063 924 1101 954 et
1142 916 1227 954 luna
1268 917 1307 954 in
1350 915 1558 955 directione
1598 913 1675 958 EG
1708 916 1750 954 vi

434 994 490 1022 z:
516 976 593 1035 ἐξ,
647 985 707 1023 vti
757 996 808 1023 ex
858 994 943 1024 ante
999 985 1181 1039 expositis
1242 994 1361 1038 patet.
1427 985 1580 1026 Deinde
1625 986 1749 1040 posita

434 1045 550 1087 maffa
584 1056 704 1086 terme
739 1059 794 1086 Ξ
826 1045 890 1097 G,
925 1048 952 1088 si
985 1048 1070 1088 solis
1103 1046 1220 1088 massa
1259 1048 1433 1089 statuatur
1472 1050 1559 1090 :F
1580 1082 1590 1101 ‚
1625 1062 1646 1088 a
1672 1048 1750 1089 sole

435 1119 631 1169 vrgebitur
665 1128 761 1157 terra
795 1119 836 1156 in
870 1119 1077 1158 direftione
1111 1118 1182 1160 GF
1221 1132 1277 1157 Ξ
1310 1106 1393 1144 Q,
1432 1130 1470 1159 et
1503 1121 1614 1160 dueta
1646 1121 1750 1161 reeta

435 1179 506 1221 EF
552 1181 747 1234 positaque
797 1180 866 1222 EF
885 1195 940 1221 z
958 1194 981 1222 u
1000 1213 1010 1233 ,
1062 1182 1149 1222 luna
1189 1182 1236 1222 ad
1267 1150 1398 1223 solGeJiJh⁷
1423 1182 1679 1223 sollicitabitur
1709 1186 1751 1224 in

436 1252 648 1293 diretstione
681 1253 750 1293 EF
783 1255 823 1295 vi
842 1241 990 1308 Ξὲᾔ.
1057 1252 1240 1308 Denique
1282 1254 1308 1294 s1
1339 1251 1456 1294 massa
1488 1253 1597 1294 lunae
1629 1267 1751 1308 pona-

436 1325 498 1355 tur
516 1330 570 1355 :
591 1317 627 1357 E
647 1350 657 1369 ,
690 1331 710 1357 a
755 1318 844 1358 luna
886 1318 1053 1359 trahetur
1092 1327 1191 1358 terra
1237 1318 1437 1358 secundum
1497 1318 1750 1359 directionem

440 1386 518 1430 GE
554 1391 595 1430 vi
614 1404 668 1429 Ξ
687 1377 753 1443 ἒξ,
777 1423 787 1443 ‚
828 1390 883 1431 sol
926 1404 1021 1432 vero
1064 1405 1085 1431 a
1126 1391 1213 1432 luna
1254 1391 1420 1433 trahetur
1462 1393 1502 1431 in
1544 1391 1751 1433 direc'tione

441 1468 511 1511 EF
546 1470 587 1509 vi
609 1485 662 1510 ἶ
681 1459 779 1524 ἒξξῆ
826 1473 949 1526 sicque
990 1472 1174 1513 habentur
1214 1472 1314 1511 vires
1333 1505 1344 1522 ,
1378 1471 1510 1526 quibus
1541 1470 1623 1523 sol,
1656 1481 1752 1512 terra

439 1542 477 1571 ct
513 1533 601 1572 luna
634 1535 673 1572 in
707 1535 741 1574 se
775 1546 913 1574 mutuo
933 1546 1057 1587 agunt,
1091 1549 1144 1576 ex
1178 1535 1308 1588 quibus
1340 1535 1404 1574 hic
1440 1547 1499 1574 eas
1519 1567 1530 1586 ‚
1565 1548 1660 1587 quae
1691 1536 1750 1576 so-

438 1594 513 1635 lem
547 1595 748 1648 afficiunt,
782 1598 1030 1650 negligimus,
1065 1607 1269 1651 propterea
1312 1597 1417 1651 quod
1467 1606 1623 1637 motum
1665 1598 1753 1639 solis

439 1667 619 1711 tanquam
659 1661 860 1713 cognitum
901 1673 1022 1715 neque
1072 1674 1094 1702 a
1138 1662 1225 1701 luna
1267 1660 1474 1715 perturbari
1516 1659 1748 1702 affumimus.

441 1721 556 1761 Vires
595 1732 749 1775 autem,
783 1724 912 1777 quibus
953 1734 1050 1765 terra
1101 1725 1278 1764 incitatur
1295 1757 1306 1776 ‚
1347 1724 1530 1777 quoniam
1579 1733 1719 1765 terram
1739 1757 1749 1776 ,

443 1794 620 1838 tanquam
661 1788 700 1827 in
741 1785 779 1829 G
823 1786 1025 1841 quiesceret
1043 1821 1053 1840 ,
1107 1786 1314 1840 speetamus
1333 1819 1344 1838 ,
1393 1787 1434 1825 in
1486 1786 1752 1828 directionibus

442 1850 642 1889 contrariis
693 1852 730 1890 in
778 1852 907 1891 lunam
950 1853 1030 1891 sunt
1071 1849 1345 1890 transferendae
1364 1882 1374 1900 ,
1424 1849 1751 1901 quemadmodum

441 1912 549 1966 supra
589 1913 819 1955 ostendimus
859 1915 985 1968 sicque
1024 1914 1091 1954 fiet
1110 1947 1120 1966 ,
1164 1922 1208 1953 vt
1248 1913 1334 1953 luna
1376 1924 1504 1950 reuera
1536 1924 1557 1950 a
1589 1921 1751 1966 quatuor

444 1977 584 2016 viribus
622 1978 772 2032 impelli
811 1978 854 2018 fit
885 1979 1163 2019 consideranda.
1228 1977 1355 2017 Primo
1396 1974 1536 2015 scilicet
1569 1975 1654 2016 luna
1687 1990 1747 2017 vr-

445 2052 590 2105 gebitur
619 2059 660 2097 in
693 2059 900 2100 directione
933 2057 1010 2101 EG
1045 2060 1085 2100 vi
1103 2050 1235 2109 5:575,
1271 2055 1432 2097 secundo
1464 2055 1504 2095 in
1537 2055 1747 2097 directione

1681 2119 1750 2161 EF
