1820 2506
905 139 939 193 ><
958 152 1027 192 40
1064 140 1101 190 )(

332 252 632 299 calamm³¹n0i1
658 244 836 307 amplius
878 253 1110 294 oscillatorio
1130 285 1141 303 ,
1186 249 1248 292 sed
1280 263 1330 292 eo
1361 254 1484 307 magis
1522 252 1569 294 ab
1599 264 1650 294 eo

330 315 518 373 diuerso‘3'
536 317 613 374 quo
644 328 822 358 numerus
858 318 1132 372 ¹particularum
1162 316 1309 368 maior,
1341 317 1500 371 intelligi
1517 315 1656 369 afferit,

331 384 467 426 sonum
516 383 735 437 neutiquam
784 394 834 422 eo
873 382 995 422 modo
1039 392 1117 435 quo
1178 379 1350 420 nonnulli
1399 380 1536 422 eximii
1579 380 1654 421 viri

334 449 474 490 volunt
492 480 503 500 ‚
537 459 606 501 per
645 448 776 487 ae‘rem
815 444 1048 497 propagari,
1093 444 1157 497 qui
1190 442 1356 483 statuunt
1376 475 1387 496 ‚
1419 456 1506 486 cum
1537 444 1653 485 chor-

335 506 382 553 da
403 545 414 565 ‚
446 511 533 552 fine·
556 509 658 551 aliud
690 509 978 549 instrumentum
1015 508 1197 548 sonorum
1228 506 1439 560 impellitur
1457 537 1470 560 .,
1501 509 1582 548 dari
1614 509 1655 548 in

335 578 424 616 ae're
457 571 646 624 eiusmodi
677 571 872 626 particulas
891 603 902 622 ,
944 583 1039 624 qnae
1073 570 1235 612 similem
1275 580 1430 611 motum
1465 571 1656 612 oscillato-

332 640 435 680 rium
468 638 667 692 excipiant
686 668 697 686 ,
731 647 854 688 eoque
886 647 1071 687 organum
1101 634 1246 675 auditus
1275 636 1460 675 excitent.

451 708 555 751 Cum
596 718 723 748 autem
759 706 820 746 vir
852 702 936 746 Cel.
978 707 1054 746 iarn
1088 707 1128 746 in
1160 705 1318 746 traCtatu
1361 705 1426 747 suo
1459 708 1508 748 de
1541 708 1657 751 lumi-

335 787 386 816 ne
428 782 465 813 et
506 771 698 812 coloribus
737 770 845 824 plura
885 769 956 810 alia
1008 769 1257 810 incommoda
1288 769 1494 812 ostenderit
1513 806 1524 825 ,
1574 775 1653 828 qui-

336 838 405 878 bus
441 836 535 877 haec
558 835 720 879 ,laboret
759 834 938 875 sententia
962 866 972 886 ‚
1015 846 1069 874 ex
1109 834 1180 874 hac
1219 831 1478 876 dissertatione
1528 847 1657 890 patere

337 903 388 942 ait
406 934 418 954 ,
459 899 564 955 quod
602 898 803 953 nequidem
840 911 929 938 cum
963 910 1062 937 vera
1095 897 1245 937 theoria
1277 897 1452 951 pulsuum
1487 912 1557 953 per
1573 913 1658 941 me·

335 966 444 1006 dium
477 963 673 1004 elasticum
706 972 1007 1016 propagatorum
1041 961 1240 1001 confistere
1274 960 1409 1014 poffit,
1443 963 1567 1017 ficque
1584 977 1656 1018 per

337 1029 500 1070 eandem
532 1024 836 1068 dissertationem
868 1025 1113 1066 corroborata
1155 1025 1208 1065 est
1238 1025 1335 1065 ratio
1369 1028 1658 1080 propagationis

335 1092 509 1147 pulsuum
531 1125 542 1143 ,
593 1103 707 1145 quam
750 1090 790 1130 in
831 1089 971 1144 scripto
1012 1097 1235 1130 memorato
1276 1087 1386 1129 fiifius
1433 1091 1665 1145 exposuerat

334 1154 620 1213 Celeberrimus
652 1154 796 1196 audior.

338 1331 381 1368 L.
414 1330 590 1368 EVLERI
607 1356 617 1373 ‚
655 1327 853 1366 EXAMEN
891 1327 1128 1364 ARTIFIIClI
1160 1325 1321 1362 NAVES
1364 1327 1398 1363 A
1428 1326 1653 1366 PRINCIPIO

387 1379 554 1417 MOTVS
582 1378 792 1415 INTERNO
820 1376 1137 1412 PROPELLENDI
1154 1401 1163 1417 ,
1190 1375 1332 1420 QVOD
1358 1375 1606 1419 QVONDAM

468 1429 532 1466 AB
560 1427 846 1466 ACVTISSIMO
881 1425 1000 1461 VIRO
1037 1425 1222 1462 IACOBO
1258 1424 1529 1464 BERNOVLLI

781 1476 870 1513 EST
896 1475 1211 1512 PROPOSITVM.

455 1594 524 1622 uae
557 1591 643 1621 ante
676 1580 871 1621 biennium
907 1576 1089 1620 Geneuae
1120 1577 1221 1618 edita
1253 1576 1337 1616 sunt
1369 1587 1488 1630 opera
1525 1574 1656 1617 Iacobi

489 1644 685 1686 Bernoulli
715 1643 916 1684 continent
949 1643 1047 1682 inter
1078 1640 1151 1680 alia
1183 1639 1417 1681 schediasma
1436 1672 1447 1692 ‚
1483 1640 1542 1680 cui
1568 1641 1658 1681 titu-

344 1709 400 1749 lus
432 1709 511 1749 est:
549 1709 750 1760 artificium
782 1706 988 1762 impellendi
1019 1718 1151 1746 nauem
1184 1718 1210 1745 a
1237 1704 1421 1759 principio
1453 1710 1565 1744 motus
1599 1705 1655 1745 in·

341 1780 407 1814 tra
437 1770 551 1828 ipsam
585 1786 715 1813 nauem
748 1767 938 1825 conclzgfits.
1006 1770 1094 1811 Hoc
1128 1769 1332 1809 artificium
1353 1800 1363 1819 ,
1398 1779 1489 1807 cum
1517 1765 1651 1807 Celeb.

344 1837 487 1880 Eulero
528 1838 705 1878 maxime
751 1837 942 1876 videretur
991 1833 1219 1888 paradoxon
1248 1864 1259 1883 ‚
1317 1831 1419 1872 hunc
1461 1830 1655 1872 mechani-

342 1900 464 1942 smum
505 1901 718 1954 diligentius
751 1899 970 1953 expendere
1002 1907 1041 1938 et
1072 1897 1119 1938 ad
1152 1896 1251 1951 leges
1282 1903 1411 1936 motus
1428 1886 1652 1938 examina're

342 1977 482 2019 operae
524 1965 691 2018 pretium
733 1963 814 2003 fore
856 1963 1016 2017 putauit.

459 2048 650 2102 Equidem
697 2046 797 2086 haud
835 2046 1025 2099 ignorauit
1064 2044 1137 2084 Vir
1176 2041 1398 2084 acutiffimus
1426 2040 1622 2084 Bernoulli
1641 2076 1652 2097 ,

335 2112 486 2160 aetioni
517 2112 750 2155 reafflonem
781 2118 973 2167 perpetuo
1004 2105 1080 2150 effe
1112 2107 1304 2163 aequalem
1323 2139 1334 2160 ,
1365 2119 1389 2148 e
1420 2119 1498 2162 quo
1535 2107 1654 2160 sequi-

1493 2180 1620 2226 quitur
1638 2204 1650 2225 ,
