1820 2506
445 168 551 216 PER
592 167 832 213 MEDIVM
875 163 1160 213 ELASTICV
1158 168 1214 212 M
1427 179 1454 221 7
1463 182 1485 223 ς

162 290 339 334 celeritas
372 291 549 344 corporis
582 289 622 331 A
649 302 706 330 z
731 295 853 330 nnoet
877 310 920 316 --
938 281 1109 339 ἐνίωί*
1173 297 1212 330 et

163 356 334 397 celeritas
368 356 543 409 corporis
577 354 966 403 Bz-gnnmt-i-25
981 346 1103 395 νι4ωῑς

163 419 287 463 Initio
318 433 410 474 ergo
445 432 585 474 corpus
616 420 659 460 A
691 433 713 461 a
746 428 891 475 pariete
925 418 954 459 P
997 418 1145 459 recedit
1163 452 1173 472 ,
1217 429 1355 473 corpus
1396 430 1494 461 vero

165 485 199 528 B
232 486 278 526 ad
312 485 477 525 eundem
513 485 658 526 accedit
677 518 687 537 ,
723 484 847 526 donec
878 483 926 524 ad
960 485 1128 538 quietem
1169 484 1393 537 redigatur3
1436 494 1495 526 at-

163 563 239 605 que
280 551 424 591 interea
469 549 643 590 habuerit
682 547 831 589 neceffe
871 548 923 589 est
973 549 1192 589 maximam
1242 548 1490 590 celeritatemi

164 615 370 669 Postquam
412 623 540 654 autem
583 613 712 654 versus
755 613 784 653 P
827 613 1006 654 accedere
1024 613 1171 655 desierit
1190 646 1200 666 ,
1236 623 1320 654 tum
1338 613 1495 655 demum

164 679 290 721 versus
322 678 372 735 Q
395 677 690 731 promouebitur
708 709 719 729 ,
754 686 793 718 et
826 690 917 717 cum
951 678 1165 733 acquisierit
1192 678 1414 720 maximum
1432 692 1496 720 cea

165 744 323 785 leritatis
364 742 525 795 gradum
545 775 555 793 ‚
606 741 756 795 pulsum
796 752 997 796 acceptum
1047 745 1219 784 maxima
1260 744 1302 784 vi
1345 744 1386 784 in
1427 757 1496 800 pa-n

166 809 305 851 rietem
341 806 390 862 Q
415 818 573 846 exerere
608 808 682 847 erit
699 807 955 848 censendum.
1027 805 1130 849 Cum
1157 809 1271 861 igitur
1289 820 1430 863 corpus
1448 807 1495 861 B,

164 871 368 928 postquam
411 883 551 924 corpus
591 870 633 911 A
681 872 756 912 iam
797 870 930 911 habuit
969 873 1189 912 maximam
1231 871 1466 914 celeritatem
1485 905 1497 924 ,

164 946 278 979 motu
312 935 437 976 versus
471 935 522 992 Q
546 935 697 976 directo
728 936 952 976 maximum
987 935 1205 976 velocitatis
1238 935 1400 989 gradum
1434 937 1498 977 ad-

165 1001 347 1056 ipiscatur
365 1033 376 1054 ,
412 999 505 1041 hinc
539 1000 618 1041 iam
655 999 809 1041 euidens
843 1000 896 1041 est
930 1009 1111 1055 tempore
1129 1012 1243 1054 ‚opus
1283 997 1360 1041 effe
1378 1034 1389 1053 ‚
1432 1014 1499 1041 ειηἓ

166 1074 326 1120 tequam
360 1064 484 1119 pulsus
517 1076 569 1105 ex
605 1077 776 1119 corpore
809 1064 849 1105 A
885 1066 925 1106 in
959 1077 1100 1119 corpus
1141 1063 1176 1104 B
1219 1063 1497 1119 transferatur3

164 1129 350 1184 slquidem
387 1130 427 1169 in
462 1130 592 1183 quauis
625 1129 744 1169 medii
777 1129 918 1170 elastici
951 1127 1139 1183 particula
1157 1128 1308 1183 pulsum
1335 1139 1420 1170 tum
1440 1132 1498 1171 in-

167 1193 244 1236 effe
285 1191 514 1233 assumamus
532 1227 542 1246 ,
591 1206 682 1234 cum
729 1194 913 1234 maximo
954 1192 1171 1233 velocitatis
1212 1194 1331 1247 gradu
1373 1195 1500 1235 versus

165 1258 355 1315 parietem
404 1257 454 1314 Q
494 1266 687 1298 mouetur.
764 1255 806 1298 Si
854 1259 961 1299 enim
1008 1258 1049 1297 in
1083 1258 1133 1314 Q
1157 1270 1345 1311 organum
1380 1258 1500 1299 senius

167 1323 409 1376 concipiatur
427 1354 438 1374 ,
480 1321 521 1362 id
563 1320 643 1362 hoc
688 1331 899 1363 momento
941 1321 1157 1364 maximam
1205 1322 1372 1376 patietur
1423 1324 1498 1364 im-

170 1385 418 1445 pressionem.

307 1449 341 1498 §.
386 1458 456 1499 κς.
494 1447 604 1489 Patet
637 1461 731 1503 ergo
765 1448 860 1490 haec
894 1450 974 1491 duo
1008 1461 1174 1504 corpora
1209 1449 1248 1490 A
1284 1458 1323 1490 et
1366 1447 1400 1490 B
1441 1451 1498 1492 di-

166 1513 397 1556 verfiffimos
432 1523 562 1555 motus
594 1515 766 1568 recipere
800 1512 911 1568 poffe
927 1548 940 1568 ,
975 1524 1094 1569 prout
1128 1516 1242 1555 initio
1262 1525 1342 1556 tam
1361 1528 1499 1556 eorum

167 1580 256 1623 situs
281 1592 397 1634 quam
414 1588 546 1619 motus
562 1577 672 1618 fuerit
705 1579 960 1619 diuerfimode
994 1589 1252 1633 comparatus.
1322 1580 1415 1636 Quo
1435 1593 1499 1622 au-

167 1652 250 1685 tem
286 1646 326 1683 in
361 1656 445 1683 eam
479 1644 725 1697 agitationem
760 1645 968 1684 accuratius
998 1645 1231 1698 inquiramus
1250 1678 1261 1697 ,
1304 1646 1499 1685 cuiusmo-

169 1709 209 1749 di
250 1709 289 1749 in
323 1707 583 1762 productione
624 1708 706 1748 soni
748 1718 787 1749 et
826 1709 981 1749 luminis
1022 1710 1115 1749 oriri
1149 1709 1244 1749 lblet
1264 1742 1274 1761 ,
1311 1722 1500 1763 ponamus

170 1773 284 1813 initio
301 1785 442 1825 corpus
475 1773 516 1813 A
551 1785 603 1813 ex
620 1773 691 1813 situ
728 1775 793 1814 suo
828 1775 963 1828 quietis
998 1786 1068 1827 per
1101 1773 1344 1814 interuallum
1384 1774 1499 1815 valde

171 1849 335 1892 paruum
369 1850 462 1878 :m
481 1836 607 1877 versus
641 1838 670 1878 P
704 1838 927 1890 diductum,
962 1838 1090 1891 ibique
1124 1838 1323 1879 detentum
1359 1836 1466 1878 fuiffe
1487 1871 1498 1890 ‚

174 1902 298 1956 quoad
338 1900 498 1942 alterum
544 1914 685 1956 corpus
727 1901 762 1942 B
805 1903 978 1943 cedendo
1021 1903 1210 1955 quieuerit
1229 1937 1238 1954 ‚
1284 1913 1367 1943 tum
1403 1915 1500 1943 vero

171 1978 312 2019 corpus
362 1965 402 2005 A
455 1966 578 2006 subito
629 1967 787 2007 dimitti.
867 1964 993 2007 Status
1027 1979 1121 2019 ergo
1156 1967 1223 2007 iste
1256 1967 1412 2007 initialis
1446 1968 1499 2008 ita

173 2030 246 2069 erit
280 2040 552 2083 comparatus,
587 2040 634 2071 vt
667 2031 795 2084 pofito
828 2037 944 2071 tzo
965 2064 977 2084 ‚
1011 2032 1209 2085 Vtriusque
1242 2032 1418 2085 corporis
1436 2045 1497 2071 ce-

173 2092 301 2136 leritas
334 2093 380 2136 fit
414 2094 544 2137 nulla:
579 2096 682 2138 vnde
716 2095 761 2137 fit
797 2108 922 2135 ezzo
960 2105 999 2137 et
1016 2095 1161 2138 bzot:
1230 2095 1385 2139 Deinde
1411 2097 1499 2149 quia

786 2159 822 2203 K
860 2173 884 2199 2
1359 2170 1498 2215 corpus
