<?xml version="1.0" encoding="UTF-8"?>
<!DOCTYPE html PUBLIC "-//W3C//DTD XHTML 1.0 Transitional//EN"
    "http://www.w3.org/TR/xhtml1/DTD/xhtml1-transitional.dtd">
<html xmlns="http://www.w3.org/1999/xhtml" xml:lang="en" lang="en">
 <head>
  <title>
</title>
<meta http-equiv="Content-Type" content="text/html;charset=utf-8" />
  <meta name='ocr-system' content='tesseract 3.04.00' />
  <meta name='ocr-capabilities' content='ocr_page ocr_carea ocr_par ocr_line ocrx_word'/>
</head>
<body>
  <div class='ocr_page' id='page_1' title='image "./novicommentariac01impe_0247.png"; bbox 0 0 1820 2506; ppageno 0'>
   <div class='ocr_carea' id='block_1_1' title="bbox 379 147 1457 214">
    <p class='ocr_par' dir='ltr' id='par_1_1' title="bbox 379 147 1457 214">
     <span class='ocr_line' id='line_1_1' title="bbox 379 147 1457 214; baseline -0.004 -8"><span class='ocrx_word' id='word_1_1' title='bbox 379 147 609 206; x_wconf 80' lang='lat' dir='ltr'><em>FACTAE</em></span> <span class='ocrx_word' id='word_1_2' title='bbox 639 159 716 203; x_wconf 77' lang='lat' dir='ltr'>An.</span> <span class='ocrx_word' id='word_1_3' title='bbox 758 162 874 212; x_wconf 86' lang='lat'>1746</span> <span class='ocrx_word' id='word_1_4' title='bbox 914 157 1215 204; x_wconf 81' lang='lat' dir='ltr'><em>TVBINGAE</em></span> <span class='ocrx_word' id='word_1_5' title='bbox 1360 174 1457 214; x_wconf 70' lang='lat'>149</span> 
     </span>
    </p>
   </div>
   <div class='ocr_carea' id='block_1_2' title="bbox 118 279 1457 2179">
    <p class='ocr_par' dir='ltr' id='par_1_2' title="bbox 133 279 1451 400">
     <span class='ocr_line' id='line_1_2' title="bbox 133 279 1451 336; baseline -0.002 -13"><span class='ocrx_word' id='word_1_6' title='bbox 133 282 226 323; x_wconf 72' lang='lat' dir='ltr'>dum</span> <span class='ocrx_word' id='word_1_7' title='bbox 259 282 382 322; x_wconf 87' lang='lat' dir='ltr'>tenuit</span> <span class='ocrx_word' id='word_1_8' title='bbox 426 293 449 329; x_wconf 82' lang='lat'>3</span> <span class='ocrx_word' id='word_1_9' title='bbox 496 280 589 323; x_wconf 83' lang='lat' dir='ltr'>infra</span> <span class='ocrx_word' id='word_1_10' title='bbox 631 294 657 321; x_wconf 90' lang='lat'>0</span> <span class='ocrx_word' id='word_1_11' title='bbox 678 314 693 335; x_wconf 76' lang='lat'>,</span> <span class='ocrx_word' id='word_1_12' title='bbox 725 281 827 336; x_wconf 90' lang='lat' dir='ltr'>quod</span> <span class='ocrx_word' id='word_1_13' title='bbox 859 280 1033 321; x_wconf 84' lang='lat' dir='ltr'>sensimus</span> <span class='ocrx_word' id='word_1_14' title='bbox 1065 281 1128 320; x_wconf 89' lang='lat' dir='ltr'>die</span> <span class='ocrx_word' id='word_1_15' title='bbox 1166 289 1219 329; x_wconf 79' lang='lat'>15</span> <span class='ocrx_word' id='word_1_16' title='bbox 1259 279 1372 323; x_wconf 75' lang='lat' dir='ltr'>Febr.</span> <span class='ocrx_word' id='word_1_17' title='bbox 1406 282 1451 321; x_wconf 78' lang='lat' dir='ltr'>in</span> 
     </span>
     <span class='ocr_line' id='line_1_3' title="bbox 134 344 1223 400; baseline -0.003 -14"><span class='ocrx_word' id='word_1_18' title='bbox 134 344 320 386; x_wconf 81' lang='lat' dir='ltr'>serinitate</span> <span class='ocrx_word' id='word_1_19' title='bbox 338 379 350 399; x_wconf 83' lang='lat'>‚</span> <span class='ocrx_word' id='word_1_20' title='bbox 383 358 500 400; x_wconf 87' lang='lat' dir='ltr'>quam</span> <span class='ocrx_word' id='word_1_21' title='bbox 535 347 657 386; x_wconf 85' lang='lat' dir='ltr'>tenuis</span> <span class='ocrx_word' id='word_1_22' title='bbox 690 345 825 386; x_wconf 87' lang='lat' dir='ltr'>nebula</span> <span class='ocrx_word' id='word_1_23' title='bbox 857 344 987 398; x_wconf 86' lang='lat' dir='ltr'>paullo</span> <span class='ocrx_word' id='word_1_24' title='bbox 1027 345 1223 384; x_wconf 83' lang='lat' dir='ltr'>diminuit.</span> 
     </span>
    </p>

    <p class='ocr_par' dir='ltr' id='par_1_3' title="bbox 118 408 1457 2123">
     <span class='ocr_line' id='line_1_4' title="bbox 282 408 1457 466; baseline 0 -18"><span class='ocrx_word' id='word_1_25' title='bbox 282 410 317 458; x_wconf 68' lang='grc' dir='ltr'>ξ.</span> <span class='ocrx_word' id='word_1_26' title='bbox 353 424 394 460; x_wconf 84' lang='lat'>4.</span> <span class='ocrx_word' id='word_1_27' title='bbox 432 410 534 466; x_wconf 81' lang='lat' dir='ltr'><strong>Quas</strong></span> <span class='ocrx_word' id='word_1_28' title='bbox 566 422 722 450; x_wconf 85' lang='lat' dir='ltr'>aurorae</span> <span class='ocrx_word' id='word_1_29' title='bbox 755 409 913 449; x_wconf 84' lang='lat' dir='ltr'>borealis</span> <span class='ocrx_word' id='word_1_30' title='bbox 946 410 1202 462; x_wconf 79' lang='lat' dir='ltr'>apparitiones</span> <span class='ocrx_word' id='word_1_31' title='bbox 1244 408 1355 448; x_wconf 84' lang='lat' dir='ltr'>vidi:</span> <span class='ocrx_word' id='word_1_32' title='bbox 1391 419 1457 448; x_wconf 69' lang='lat' dir='ltr'>eas</span> 
     </span>
     <span class='ocr_line' id='line_1_5' title="bbox 130 471 1447 527; baseline -0.001 -15"><span class='ocrx_word' id='word_1_33' title='bbox 130 472 367 527; x_wconf 83' lang='lat' dir='ltr'>sequentibus</span> <span class='ocrx_word' id='word_1_34' title='bbox 396 473 598 514; x_wconf 82' lang='lat' dir='ltr'>absoluam.</span> <span class='ocrx_word' id='word_1_35' title='bbox 640 473 809 515; x_wconf 79' lang='lat' dir='ltr'><em>Ianuarii</em></span> <span class='ocrx_word' id='word_1_36' title='bbox 842 484 894 520; x_wconf 86' lang='lat'>:31</span> <span class='ocrx_word' id='word_1_37' title='bbox 933 473 1033 513; x_wconf 82' lang='lat' dir='ltr'>circa</span> <span class='ocrx_word' id='word_1_38' title='bbox 1064 471 1202 512; x_wconf 80' lang='lat' dir='ltr'>horam</span> <span class='ocrx_word' id='word_1_39' title='bbox 1240 485 1296 511; x_wconf 88' lang='lat'>10</span> <span class='ocrx_word' id='word_1_40' title='bbox 1329 486 1369 526; x_wconf 88' lang='lat' dir='ltr'>p.</span> <span class='ocrx_word' id='word_1_41' title='bbox 1390 485 1447 512; x_wconf 77' lang='lat' dir='ltr'>m,</span> 
     </span>
     <span class='ocr_line' id='line_1_6' title="bbox 132 535 1449 590; baseline -0.001 -14"><span class='ocrx_word' id='word_1_42' title='bbox 132 537 286 589; x_wconf 81' lang='lat' dir='ltr'>vestigia</span> <span class='ocrx_word' id='word_1_43' title='bbox 319 536 421 578; x_wconf 83' lang='lat' dir='ltr'>mihi</span> <span class='ocrx_word' id='word_1_44' title='bbox 452 536 565 578; x_wconf 84' lang='lat' dir='ltr'>huius</span> <span class='ocrx_word' id='word_1_45' title='bbox 596 537 674 578; x_wconf 83' lang='lat' dir='ltr'>visa</span> <span class='ocrx_word' id='word_1_46' title='bbox 704 536 787 577; x_wconf 86' lang='lat' dir='ltr'>sunt</span> <span class='ocrx_word' id='word_1_47' title='bbox 803 569 815 588; x_wconf 86' lang='lat'>,</span> <span class='ocrx_word' id='word_1_48' title='bbox 849 536 910 576; x_wconf 87' lang='lat' dir='ltr'>sed</span> <span class='ocrx_word' id='word_1_49' title='bbox 951 536 1061 576; x_wconf 83' lang='lat' dir='ltr'>dubia</span> <span class='ocrx_word' id='word_1_50' title='bbox 1080 569 1091 588; x_wconf 79' lang='lat'>,</span> <span class='ocrx_word' id='word_1_51' title='bbox 1134 537 1318 590; x_wconf 78' lang='lat' dir='ltr'>quoniam</span> <span class='ocrx_word' id='word_1_52' title='bbox 1360 535 1449 576; x_wconf 75' lang='lat' dir='ltr'>luna</span> 
     </span>
     <span class='ocr_line' id='line_1_7' title="bbox 132 598 1449 655; baseline 0.003 -16"><span class='ocrx_word' id='word_1_53' title='bbox 132 600 291 640; x_wconf 88' lang='lat' dir='ltr'>nubibus</span> <span class='ocrx_word' id='word_1_54' title='bbox 324 601 521 654; x_wconf 86' lang='lat' dir='ltr'>permixta</span> <span class='ocrx_word' id='word_1_55' title='bbox 567 601 727 641; x_wconf 83' lang='lat' dir='ltr'>lucebat.</span> <span class='ocrx_word' id='word_1_56' title='bbox 805 598 951 641; x_wconf 86' lang='lat' dir='ltr'>Similis</span> <span class='ocrx_word' id='word_1_57' title='bbox 991 598 1148 655; x_wconf 81' lang='lat' dir='ltr'>suspicio</span> <span class='ocrx_word' id='word_1_58' title='bbox 1186 599 1288 641; x_wconf 85' lang='lat' dir='ltr'>mihi</span> <span class='ocrx_word' id='word_1_59' title='bbox 1322 599 1449 643; x_wconf 82' lang='lat' dir='ltr'>oblata</span> 
     </span>
     <span class='ocr_line' id='line_1_8' title="bbox 132 662 1453 718; baseline -0.001 -14"><span class='ocrx_word' id='word_1_60' title='bbox 132 677 284 718; x_wconf 86' lang='lat' dir='ltr'>quoque</span> <span class='ocrx_word' id='word_1_61' title='bbox 313 663 385 704; x_wconf 82' lang='lat' dir='ltr'>fuit</span> <span class='ocrx_word' id='word_1_62' title='bbox 416 664 530 705; x_wconf 77' lang='lat' dir='ltr'>Febr.</span> <span class='ocrx_word' id='word_1_63' title='bbox 567 678 597 714; x_wconf 76' lang='lat'>4</span> <span class='ocrx_word' id='word_1_64' title='bbox 615 696 627 716; x_wconf 83' lang='lat'>,</span> <span class='ocrx_word' id='word_1_65' title='bbox 659 664 759 703; x_wconf 82' lang='lat' dir='ltr'>circa</span> <span class='ocrx_word' id='word_1_66' title='bbox 791 662 929 704; x_wconf 82' lang='lat' dir='ltr'>horam</span> <span class='ocrx_word' id='word_1_67' title='bbox 962 676 988 712; x_wconf 93' lang='lat'>7</span> <span class='ocrx_word' id='word_1_68' title='bbox 1023 677 1062 717; x_wconf 92' lang='lat' dir='ltr'>p.</span> <span class='ocrx_word' id='word_1_69' title='bbox 1098 676 1152 704; x_wconf 90' lang='lat' dir='ltr'>m.</span> <span class='ocrx_word' id='word_1_70' title='bbox 1189 665 1290 705; x_wconf 87' lang='lat' dir='ltr'>inter</span> <span class='ocrx_word' id='word_1_71' title='bbox 1330 664 1453 704; x_wconf 71' lang='lat' dir='ltr'>nubes</span> 
     </span>
     <span class='ocr_line' id='line_1_9' title="bbox 133 726 1448 781; baseline 0 -14"><span class='ocrx_word' id='word_1_72' title='bbox 133 736 173 767; x_wconf 88' lang='lat' dir='ltr'>et</span> <span class='ocrx_word' id='word_1_73' title='bbox 211 727 370 781; x_wconf 86' lang='lat' dir='ltr'>pluuias.</span> <span class='ocrx_word' id='word_1_74' title='bbox 444 727 577 769; x_wconf 85' lang='lat' dir='ltr'>Postea</span> <span class='ocrx_word' id='word_1_75' title='bbox 617 727 860 781; x_wconf 85' lang='lat' dir='ltr'>interquienit</span> <span class='ocrx_word' id='word_1_76' title='bbox 899 726 1013 780; x_wconf 83' lang='lat' dir='ltr'>plane</span> <span class='ocrx_word' id='word_1_77' title='bbox 1053 727 1234 780; x_wconf 86' lang='lat' dir='ltr'>splendor</span> <span class='ocrx_word' id='word_1_78' title='bbox 1275 727 1355 769; x_wconf 83' lang='lat' dir='ltr'>hoc</span> <span class='ocrx_word' id='word_1_79' title='bbox 1394 727 1448 767; x_wconf 89' lang='lat' dir='ltr'>se-</span> 
     </span>
     <span class='ocr_line' id='line_1_10' title="bbox 128 790 1446 845; baseline 0.002 -15"><span class='ocrx_word' id='word_1_80' title='bbox 128 791 392 844; x_wconf 77' lang='lat' dir='ltr'>ptentrionalis</span> <span class='ocrx_word' id='word_1_81' title='bbox 410 824 423 844; x_wconf 77' lang='lat'>,</span> <span class='ocrx_word' id='word_1_82' title='bbox 480 799 664 845; x_wconf 86' lang='lat' dir='ltr'>quantum</span> <span class='ocrx_word' id='word_1_83' title='bbox 721 803 796 844; x_wconf 85' lang='lat' dir='ltr'>ego</span> <span class='ocrx_word' id='word_1_84' title='bbox 847 791 1001 844; x_wconf 87' lang='lat' dir='ltr'>quidem</span> <span class='ocrx_word' id='word_1_85' title='bbox 1051 790 1248 832; x_wconf 80' lang='lat' dir='ltr'>obseruare</span> <span class='ocrx_word' id='word_1_86' title='bbox 1305 792 1446 845; x_wconf 82' lang='lat' dir='ltr'>potui,</span> 
     </span>
     <span class='ocr_line' id='line_1_11' title="bbox 128 853 1447 908; baseline 0.001 -14"><span class='ocrx_word' id='word_1_87' title='bbox 128 854 245 908; x_wconf 72' lang='lat' dir='ltr'>Vsque</span> <span class='ocrx_word' id='word_1_88' title='bbox 276 855 323 895; x_wconf 88' lang='lat' dir='ltr'>ad</span> <span class='ocrx_word' id='word_1_89' title='bbox 355 855 460 896; x_wconf 77' lang='lat' dir='ltr'>diem</span> <span class='ocrx_word' id='word_1_90' title='bbox 493 867 548 894; x_wconf 86' lang='lat'>22</span> <span class='ocrx_word' id='word_1_91' title='bbox 586 853 736 895; x_wconf 70' lang='lat' dir='ltr'>OHobr.</span> <span class='ocrx_word' id='word_1_92' title='bbox 771 856 812 895; x_wconf 86' lang='lat' dir='ltr'>in</span> <span class='ocrx_word' id='word_1_93' title='bbox 844 867 923 908; x_wconf 89' lang='lat' dir='ltr'>quo</span> <span class='ocrx_word' id='word_1_94' title='bbox 956 868 1045 895; x_wconf 85' lang='lat' dir='ltr'>cum</span> <span class='ocrx_word' id='word_1_95' title='bbox 1079 855 1198 894; x_wconf 80' lang='lat' dir='ltr'>nubes</span> <span class='ocrx_word' id='word_1_96' title='bbox 1213 857 1417 896; x_wconf 85' lang='lat' dir='ltr'>continuae</span> <span class='ocrx_word' id='word_1_97' title='bbox 1434 885 1447 907; x_wconf 79' lang='lat'>‚</span> 
     </span>
     <span class='ocr_line' id='line_1_12' title="bbox 128 915 1446 972; baseline -0.002 -14"><span class='ocrx_word' id='word_1_98' title='bbox 128 930 173 958; x_wconf 83' lang='lat' dir='ltr'>ac</span> <span class='ocrx_word' id='word_1_99' title='bbox 213 918 366 972; x_wconf 80' lang='lat' dir='ltr'>pluuiae</span> <span class='ocrx_word' id='word_1_100' title='bbox 407 931 512 960; x_wconf 80' lang='lat' dir='ltr'>rarae</span> <span class='ocrx_word' id='word_1_101' title='bbox 531 952 544 972; x_wconf 79' lang='lat'>,</span> <span class='ocrx_word' id='word_1_102' title='bbox 582 915 731 959; x_wconf 82' lang='lat' dir='ltr'>effent:</span> <span class='ocrx_word' id='word_1_103' title='bbox 773 918 968 958; x_wconf 82' lang='lat' dir='ltr'>obseruaui</span> <span class='ocrx_word' id='word_1_104' title='bbox 999 927 1131 957; x_wconf 83' lang='lat' dir='ltr'>tamen</span> <span class='ocrx_word' id='word_1_105' title='bbox 1163 917 1260 957; x_wconf 82' lang='lat' dir='ltr'>hora</span> <span class='ocrx_word' id='word_1_106' title='bbox 1299 930 1367 957; x_wconf 89' lang='lat'>10.</span> <span class='ocrx_word' id='word_1_107' title='bbox 1403 931 1446 971; x_wconf 90' lang='lat' dir='ltr'>p.</span> 
     </span>
     <span class='ocr_line' id='line_1_13' title="bbox 125 980 1448 1033; baseline 0.001 -11"><span class='ocrx_word' id='word_1_108' title='bbox 125 994 181 1022; x_wconf 90' lang='lat' dir='ltr'>m.</span> <span class='ocrx_word' id='word_1_109' title='bbox 224 982 396 1023; x_wconf 57' lang='lat' dir='ltr'>distinere</span> <span class='ocrx_word' id='word_1_110' title='bbox 437 995 612 1023; x_wconf 79' lang='lat' dir='ltr'>auroram</span> <span class='ocrx_word' id='word_1_111' title='bbox 653 981 845 1022; x_wconf 82' lang='lat' dir='ltr'>borealem</span> <span class='ocrx_word' id='word_1_112' title='bbox 864 1013 875 1033; x_wconf 82' lang='lat'>,</span> <span class='ocrx_word' id='word_1_113' title='bbox 914 981 1015 1022; x_wconf 82' lang='lat' dir='ltr'>inter</span> <span class='ocrx_word' id='word_1_114' title='bbox 1058 981 1178 1031; x_wconf 86' lang='lat' dir='ltr'>nubes</span> <span class='ocrx_word' id='word_1_115' title='bbox 1211 980 1287 1021; x_wconf 88' lang='lat' dir='ltr'>fere</span> <span class='ocrx_word' id='word_1_116' title='bbox 1320 982 1448 1023; x_wconf 80' lang='lat' dir='ltr'>conti-</span> 
     </span>
     <span class='ocr_line' id='line_1_14' title="bbox 125 1044 1448 1098; baseline 0.002 -14"><span class='ocrx_word' id='word_1_117' title='bbox 125 1057 223 1085; x_wconf 87' lang='lat' dir='ltr'>nuos</span> <span class='ocrx_word' id='word_1_118' title='bbox 255 1046 535 1086; x_wconf 86' lang='lat' dir='ltr'>delitescentem</span> <span class='ocrx_word' id='word_1_119' title='bbox 561 1079 572 1098; x_wconf 69' lang='lat'>,</span> <span class='ocrx_word' id='word_1_120' title='bbox 597 1044 704 1085; x_wconf 88' lang='lat' dir='ltr'>nullo</span> <span class='ocrx_word' id='word_1_121' title='bbox 738 1054 860 1085; x_wconf 86' lang='lat' dir='ltr'>vento</span> <span class='ocrx_word' id='word_1_122' title='bbox 878 1044 997 1086; x_wconf 81' lang='lat' dir='ltr'>flante</span> <span class='ocrx_word' id='word_1_123' title='bbox 1014 1078 1026 1097; x_wconf 82' lang='lat'>‚</span> <span class='ocrx_word' id='word_1_124' title='bbox 1059 1045 1322 1098; x_wconf 74' lang='lat' dir='ltr'>constantem,</span> <span class='ocrx_word' id='word_1_125' title='bbox 1357 1057 1448 1086; x_wconf 82' lang='lat' dir='ltr'>arcu</span> 
     </span>
     <span class='ocr_line' id='line_1_15' title="bbox 124 1109 1447 1163; baseline 0.002 -16"><span class='ocrx_word' id='word_1_126' title='bbox 124 1109 331 1163; x_wconf 83' lang='lat' dir='ltr'>tranquillo</span> <span class='ocrx_word' id='word_1_127' title='bbox 345 1143 357 1162; x_wconf 73' lang='lat'>,</span> <span class='ocrx_word' id='word_1_128' title='bbox 397 1110 533 1150; x_wconf 87' lang='lat' dir='ltr'>lucido</span> <span class='ocrx_word' id='word_1_129' title='bbox 571 1111 697 1150; x_wconf 83' lang='lat' dir='ltr'>versus</span> <span class='ocrx_word' id='word_1_130' title='bbox 736 1109 893 1149; x_wconf 74' lang='lat' dir='ltr'>boream</span> <span class='ocrx_word' id='word_1_131' title='bbox 912 1141 923 1160; x_wconf 81' lang='lat'>,</span> <span class='ocrx_word' id='word_1_132' title='bbox 965 1109 1027 1148; x_wconf 86' lang='lat' dir='ltr'>sed</span> <span class='ocrx_word' id='word_1_133' title='bbox 1066 1109 1197 1149; x_wconf 84' lang='lat' dir='ltr'>multis</span> <span class='ocrx_word' id='word_1_134' title='bbox 1227 1109 1357 1150; x_wconf 82' lang='lat' dir='ltr'>faculis</span> <span class='ocrx_word' id='word_1_135' title='bbox 1388 1110 1447 1150; x_wconf 80' lang='lat' dir='ltr'>lu-</span> 
     </span>
     <span class='ocr_line' id='line_1_16' title="bbox 124 1171 1448 1226; baseline 0.002 -15"><span class='ocrx_word' id='word_1_136' title='bbox 124 1171 280 1212; x_wconf 85' lang='lat' dir='ltr'>dentem</span> <span class='ocrx_word' id='word_1_137' title='bbox 313 1186 467 1226; x_wconf 86' lang='lat' dir='ltr'>quoqne</span> <span class='ocrx_word' id='word_1_138' title='bbox 497 1174 624 1214; x_wconf 82' lang='lat' dir='ltr'>versus</span> <span class='ocrx_word' id='word_1_139' title='bbox 656 1172 819 1213; x_wconf 80' lang='lat' dir='ltr'>austrum</span> <span class='ocrx_word' id='word_1_140' title='bbox 841 1186 852 1226; x_wconf 80' lang='lat'><em>3</em></span> <span class='ocrx_word' id='word_1_141' title='bbox 888 1172 1013 1212; x_wconf 86' lang='lat' dir='ltr'>donec</span> <span class='ocrx_word' id='word_1_142' title='bbox 1044 1172 1178 1212; x_wconf 82' lang='lat' dir='ltr'>eadem</span> <span class='ocrx_word' id='word_1_143' title='bbox 1210 1172 1305 1213; x_wconf 84' lang='lat' dir='ltr'>haec</span> <span class='ocrx_word' id='word_1_144' title='bbox 1334 1186 1448 1214; x_wconf 73' lang='lat' dir='ltr'>auro-</span> 
     </span>
     <span class='ocr_line' id='line_1_17' title="bbox 125 1235 1449 1290; baseline 0.002 -15"><span class='ocrx_word' id='word_1_145' title='bbox 125 1248 168 1275; x_wconf 81' lang='lat' dir='ltr'>ra</span> <span class='ocrx_word' id='word_1_146' title='bbox 201 1237 300 1275; x_wconf 79' lang='lat' dir='ltr'>circa</span> <span class='ocrx_word' id='word_1_147' title='bbox 335 1236 474 1276; x_wconf 77' lang='lat' dir='ltr'>horam</span> <span class='ocrx_word' id='word_1_148' title='bbox 513 1250 563 1275; x_wconf 85' lang='lat'>11</span> <span class='ocrx_word' id='word_1_149' title='bbox 601 1238 789 1290; x_wconf 80' lang='lat' dir='ltr'>inciperet</span> <span class='ocrx_word' id='word_1_150' title='bbox 820 1235 985 1276; x_wconf 73' lang='lat' dir='ltr'>formare</span> <span class='ocrx_word' id='word_1_151' title='bbox 1018 1249 1148 1276; x_wconf 77' lang='lat' dir='ltr'>arcum</span> <span class='ocrx_word' id='word_1_152' title='bbox 1183 1236 1345 1289; x_wconf 74' lang='lat' dir='ltr'>aliquem</span> <span class='ocrx_word' id='word_1_153' title='bbox 1372 1235 1449 1278; x_wconf 50' lang='lat' dir='ltr'>hu*</span> 
     </span>
     <span class='ocr_line' id='line_1_18' title="bbox 124 1297 1444 1353; baseline 0.002 -15"><span class='ocrx_word' id='word_1_154' title='bbox 124 1299 258 1339; x_wconf 88' lang='lat' dir='ltr'>milem</span> <span class='ocrx_word' id='word_1_155' title='bbox 278 1332 289 1351; x_wconf 86' lang='lat'>,</span> <span class='ocrx_word' id='word_1_156' title='bbox 329 1300 547 1341; x_wconf 83' lang='lat' dir='ltr'>snbdnbium</span> <span class='ocrx_word' id='word_1_157' title='bbox 567 1333 581 1353; x_wconf 74' lang='lat'>‚</span> <span class='ocrx_word' id='word_1_158' title='bbox 617 1300 682 1340; x_wconf 73' lang='lat' dir='ltr'>led</span> <span class='ocrx_word' id='word_1_159' title='bbox 719 1300 818 1340; x_wconf 85' lang='lat' dir='ltr'>mihi</span> <span class='ocrx_word' id='word_1_160' title='bbox 859 1309 988 1340; x_wconf 77' lang='lat' dir='ltr'>tamen</span> <span class='ocrx_word' id='word_1_161' title='bbox 1029 1300 1153 1340; x_wconf 85' lang='lat' dir='ltr'>visum</span> <span class='ocrx_word' id='word_1_162' title='bbox 1186 1297 1444 1342; x_wconf 83' lang='lat' dir='ltr'>declinantem</span> 
     </span>
     <span class='ocr_line' id='line_1_19' title="bbox 125 1362 1444 1415; baseline 0.003 -14"><span class='ocrx_word' id='word_1_163' title='bbox 125 1362 361 1415; x_wconf 76' lang='lat' dir='ltr'>aliquantum</span> <span class='ocrx_word' id='word_1_164' title='bbox 393 1364 439 1403; x_wconf 84' lang='lat' dir='ltr'>ab</span> <span class='ocrx_word' id='word_1_165' title='bbox 473 1365 598 1404; x_wconf 81' lang='lat' dir='ltr'>austro</span> <span class='ocrx_word' id='word_1_166' title='bbox 626 1365 674 1404; x_wconf 80' lang='lat' dir='ltr'>ad</span> <span class='ocrx_word' id='word_1_167' title='bbox 709 1374 851 1404; x_wconf 80' lang='lat' dir='ltr'>ortum¹</span> <span class='ocrx_word' id='word_1_168' title='bbox 918 1364 1052 1405; x_wconf 81' lang='lat' dir='ltr'>Rediit</span> <span class='ocrx_word' id='word_1_169' title='bbox 1083 1363 1177 1403; x_wconf 69' lang='lat' dir='ltr'>haec</span> <span class='ocrx_word' id='word_1_170' title='bbox 1211 1377 1345 1404; x_wconf 77' lang='lat' dir='ltr'>aurora</span> <span class='ocrx_word' id='word_1_171' title='bbox 1378 1365 1444 1405; x_wconf 81' lang='lat' dir='ltr'>die</span> 
     </span>
     <span class='ocr_line' id='line_1_20' title="bbox 122 1426 1445 1482; baseline 0.004 -18"><span class='ocrx_word' id='word_1_172' title='bbox 122 1426 320 1479; x_wconf 75' lang='lat' dir='ltr'>sequenti,</span> <span class='ocrx_word' id='word_1_173' title='bbox 357 1427 528 1469; x_wconf 62' lang='lat' dir='ltr'>Ocslobris</span> <span class='ocrx_word' id='word_1_174' title='bbox 564 1437 617 1475; x_wconf 79' lang='lat'>23</span> <span class='ocrx_word' id='word_1_175' title='bbox 642 1459 651 1479; x_wconf 70' lang='lat'>,</span> <span class='ocrx_word' id='word_1_176' title='bbox 683 1428 747 1468; x_wconf 90' lang='lat' dir='ltr'>sed</span> <span class='ocrx_word' id='word_1_177' title='bbox 780 1427 953 1468; x_wconf 72' lang='lat' dir='ltr'>destituta</span> <span class='ocrx_word' id='word_1_178' title='bbox 986 1436 1151 1480; x_wconf 76' lang='lat' dir='ltr'>Vtroque</span> <span class='ocrx_word' id='word_1_179' title='bbox 1169 1440 1276 1479; x_wconf 78' lang='lat' dir='ltr'>arcu,</span> <span class='ocrx_word' id='word_1_180' title='bbox 1311 1428 1351 1467; x_wconf 86' lang='lat' dir='ltr'>in</span> <span class='ocrx_word' id='word_1_181' title='bbox 1370 1442 1445 1482; x_wconf 76' lang='lat' dir='ltr'>qna</span> 
     </span>
     <span class='ocr_line' id='line_1_21' title="bbox 124 1487 1443 1545; baseline 0.003 -17"><span class='ocrx_word' id='word_1_182' title='bbox 124 1487 279 1530; x_wconf 75' lang='lat' dir='ltr'>boream</span> <span class='ocrx_word' id='word_1_183' title='bbox 315 1492 443 1531; x_wconf 84' lang='lat' dir='ltr'>versus</span> <span class='ocrx_word' id='word_1_184' title='bbox 482 1492 685 1545; x_wconf 73' lang='lat' dir='ltr'>apparebat</span> <span class='ocrx_word' id='word_1_185' title='bbox 724 1491 801 1531; x_wconf 80' lang='lat' dir='ltr'>sola</span> <span class='ocrx_word' id='word_1_186' title='bbox 844 1491 967 1544; x_wconf 73' lang='lat' dir='ltr'>ali-qua</span> <span class='ocrx_word' id='word_1_187' title='bbox 1003 1490 1236 1530; x_wconf 78' lang='lat' dir='ltr'>illuminatio</span> <span class='ocrx_word' id='word_1_188' title='bbox 1273 1492 1443 1532; x_wconf 66' lang='lat' dir='ltr'>indeter-&lt;</span> 
     </span>
     <span class='ocr_line' id='line_1_22' title="bbox 123 1554 1442 1610; baseline 0.003 -18"><span class='ocrx_word' id='word_1_189' title='bbox 123 1554 276 1593; x_wconf 68' lang='lat' dir='ltr'>minata.</span> <span class='ocrx_word' id='word_1_190' title='bbox 344 1555 521 1608; x_wconf 81' lang='lat' dir='ltr'>Vtroque</span> <span class='ocrx_word' id='word_1_191' title='bbox 552 1556 615 1595; x_wconf 85' lang='lat' dir='ltr'>die</span> <span class='ocrx_word' id='word_1_192' title='bbox 645 1554 774 1594; x_wconf 75' lang='lat' dir='ltr'>nullae</span> <span class='ocrx_word' id='word_1_193' title='bbox 806 1555 1028 1595; x_wconf 80' lang='lat' dir='ltr'>videbantur</span> <span class='ocrx_word' id='word_1_194' title='bbox 1047 1554 1187 1594; x_wconf 30' lang='lat' dir='ltr'>stell-aei</span> <span class='ocrx_word' id='word_1_195' title='bbox 1254 1556 1335 1596; x_wconf 79' lang='lat' dir='ltr'>Die</span> <span class='ocrx_word' id='word_1_196' title='bbox 1366 1569 1442 1610; x_wconf 79' lang='lat' dir='ltr'>po·</span> 
     </span>
     <span class='ocr_line' id='line_1_23' title="bbox 122 1616 1444 1673; baseline 0.002 -16"><span class='ocrx_word' id='word_1_197' title='bbox 122 1616 195 1657; x_wconf 78' lang='lat' dir='ltr'>stea</span> <span class='ocrx_word' id='word_1_198' title='bbox 215 1630 273 1667; x_wconf 76' lang='lat'>24</span> <span class='ocrx_word' id='word_1_199' title='bbox 291 1619 418 1659; x_wconf 85' lang='lat' dir='ltr'>denno</span> <span class='ocrx_word' id='word_1_200' title='bbox 442 1618 675 1671; x_wconf 83' lang='lat' dir='ltr'>deprehendi</span> <span class='ocrx_word' id='word_1_201' title='bbox 693 1619 794 1671; x_wconf 78' lang='lat' dir='ltr'>signa</span> <span class='ocrx_word' id='word_1_202' title='bbox 813 1619 996 1673; x_wconf 77' lang='lat' dir='ltr'>quaedam</span> <span class='ocrx_word' id='word_1_203' title='bbox 1023 1617 1132 1659; x_wconf 82' lang='lat' dir='ltr'>huius</span> <span class='ocrx_word' id='word_1_204' title='bbox 1148 1616 1241 1658; x_wconf 83' lang='lat' dir='ltr'>lucis</span> <span class='ocrx_word' id='word_1_205' title='bbox 1257 1620 1356 1660; x_wconf 90' lang='lat' dir='ltr'>inter</span> <span class='ocrx_word' id='word_1_206' title='bbox 1371 1634 1444 1660; x_wconf 73' lang='lat' dir='ltr'>nu-</span> 
     </span>
     <span class='ocr_line' id='line_1_24' title="bbox 122 1681 1445 1736; baseline 0.002 -15"><span class='ocrx_word' id='word_1_207' title='bbox 122 1681 185 1721; x_wconf 81' lang='lat' dir='ltr'>bes</span> <span class='ocrx_word' id='word_1_208' title='bbox 218 1683 445 1736; x_wconf 77' lang='lat' dir='ltr'>continnas;</span> <span class='ocrx_word' id='word_1_209' title='bbox 481 1683 542 1723; x_wconf 75' lang='lat' dir='ltr'>die</span> <span class='ocrx_word' id='word_1_210' title='bbox 577 1685 631 1720; x_wconf 80' lang='lat'>26</span> <span class='ocrx_word' id='word_1_211' title='bbox 666 1694 746 1722; x_wconf 88' lang='lat' dir='ltr'>non</span> <span class='ocrx_word' id='word_1_212' title='bbox 781 1684 891 1736; x_wconf 87' lang='lat' dir='ltr'>potui</span> <span class='ocrx_word' id='word_1_213' title='bbox 924 1695 1060 1722; x_wconf 77' lang='lat' dir='ltr'>vacare</span> <span class='ocrx_word' id='word_1_214' title='bbox 1101 1682 1332 1723; x_wconf 72' lang='lat' dir='ltr'>obseruando</span> <span class='ocrx_word' id='word_1_215' title='bbox 1350 1684 1445 1725; x_wconf 84' lang='lat' dir='ltr'>huic</span> 
     </span>
     <span class='ocr_line' id='line_1_25' title="bbox 122 1743 1443 1799; baseline 0.005 -17"><span class='ocrx_word' id='word_1_216' title='bbox 122 1743 425 1797; x_wconf 63' lang='lat' dir='ltr'>phaenomeno,</span> <span class='ocrx_word' id='word_1_217' title='bbox 461 1747 512 1786; x_wconf 85' lang='lat' dir='ltr'>ob</span> <span class='ocrx_word' id='word_1_218' title='bbox 545 1748 729 1799; x_wconf 68' lang='lat' dir='ltr'>negotia3</span> <span class='ocrx_word' id='word_1_219' title='bbox 764 1746 823 1786; x_wconf 91' lang='lat' dir='ltr'>sed</span> <span class='ocrx_word' id='word_1_220' title='bbox 852 1747 1055 1787; x_wconf 85' lang='lat' dir='ltr'>certiorem</span> <span class='ocrx_word' id='word_1_221' title='bbox 1072 1758 1139 1785; x_wconf 87' lang='lat' dir='ltr'>me</span> <span class='ocrx_word' id='word_1_222' title='bbox 1155 1747 1318 1786; x_wconf 78' lang='lat' dir='ltr'>reddidit</span> <span class='ocrx_word' id='word_1_223' title='bbox 1352 1745 1443 1788; x_wconf 55' lang='lat' dir='ltr'>Clas</span> 
     </span>
     <span class='ocr_line' id='line_1_26' title="bbox 124 1804 1439 1865; baseline 0.004 -18"><span class='ocrx_word' id='word_1_224' title='bbox 124 1804 199 1847; x_wconf 74' lang='lat' dir='ltr'>rifl‘.</span> <span class='ocrx_word' id='word_1_225' title='bbox 237 1806 360 1848; x_wconf 86' lang='lat' dir='ltr'>Dom.</span> <span class='ocrx_word' id='word_1_226' title='bbox 399 1807 459 1849; x_wconf 88' lang='grc' dir='ltr'>Μ.</span> <span class='ocrx_word' id='word_1_227' title='bbox 495 1806 678 1865; x_wconf 76' lang='lat' dir='ltr'>Bischoff,</span> <span class='ocrx_word' id='word_1_228' title='bbox 710 1811 858 1850; x_wconf 81' lang='lat' dir='ltr'>vicinae</span> <span class='ocrx_word' id='word_1_229' title='bbox 892 1810 1003 1850; x_wconf 82' lang='lat' dir='ltr'>nobis</span> <span class='ocrx_word' id='word_1_230' title='bbox 1045 1808 1222 1850; x_wconf 72' lang='lat' dir='ltr'>ecclesiae</span> <span class='ocrx_word' id='word_1_231' title='bbox 1262 1808 1439 1852; x_wconf 78' lang='lat' dir='ltr'>Bernhu·</span> 
     </span>
     <span class='ocr_line' id='line_1_27' title="bbox 122 1871 1442 1927; baseline 0.004 -16"><span class='ocrx_word' id='word_1_232' title='bbox 122 1871 227 1911; x_wconf 72' lang='lat' dir='ltr'>fimae</span> <span class='ocrx_word' id='word_1_233' title='bbox 260 1882 342 1912; x_wconf 87' lang='lat' dir='ltr'>tum</span> <span class='ocrx_word' id='word_1_234' title='bbox 375 1874 561 1926; x_wconf 81' lang='lat' dir='ltr'>temporis</span> <span class='ocrx_word' id='word_1_235' title='bbox 592 1875 765 1914; x_wconf 77' lang='lat' dir='ltr'>Vicarius</span> <span class='ocrx_word' id='word_1_236' title='bbox 783 1907 794 1926; x_wconf 78' lang='lat'>,</span> <span class='ocrx_word' id='word_1_237' title='bbox 828 1874 944 1915; x_wconf 75' lang='lat' dir='ltr'>vifilm</span> <span class='ocrx_word' id='word_1_238' title='bbox 978 1873 1044 1914; x_wconf 85' lang='lat' dir='ltr'>fibi</span> <span class='ocrx_word' id='word_1_239' title='bbox 1080 1873 1156 1913; x_wconf 94' lang='lat' dir='ltr'>hoc</span> <span class='ocrx_word' id='word_1_240' title='bbox 1191 1887 1345 1927; x_wconf 89' lang='lat' dir='ltr'>quoque</span> <span class='ocrx_word' id='word_1_241' title='bbox 1377 1874 1442 1916; x_wconf 76' lang='lat' dir='ltr'>die</span> 
     </span>
     <span class='ocr_line' id='line_1_28' title="bbox 118 1932 1443 1990; baseline 0.005 -17"><span class='ocrx_word' id='word_1_242' title='bbox 118 1932 227 1974; x_wconf 74' lang='lat' dir='ltr'>fuisse</span> <span class='ocrx_word' id='word_1_243' title='bbox 266 1948 439 1977; x_wconf 71' lang='lat' dir='ltr'>auroram</span> <span class='ocrx_word' id='word_1_244' title='bbox 479 1937 592 1977; x_wconf 76' lang='lat' dir='ltr'>valde</span> <span class='ocrx_word' id='word_1_245' title='bbox 633 1937 801 1990; x_wconf 73' lang='lat' dir='ltr'>amplam</span> <span class='ocrx_word' id='word_1_246' title='bbox 843 1948 880 1977; x_wconf 84' lang='lat' dir='ltr'>et</span> <span class='ocrx_word' id='word_1_247' title='bbox 921 1936 1123 1989; x_wconf 73' lang='lat' dir='ltr'>diffi1fi1m3</span> <span class='ocrx_word' id='word_1_248' title='bbox 1160 1939 1268 1977; x_wconf 79' lang='lat' dir='ltr'>cuins</span> <span class='ocrx_word' id='word_1_249' title='bbox 1299 1939 1443 1979; x_wconf 76' lang='lat' dir='ltr'>deinde</span> 
     </span>
     <span class='ocr_line' id='line_1_29' title="bbox 124 1996 1438 2055; baseline 0.005 -18"><span class='ocrx_word' id='word_1_250' title='bbox 124 1998 247 2038; x_wconf 83' lang='lat' dir='ltr'>adhuc</span> <span class='ocrx_word' id='word_1_251' title='bbox 289 2000 441 2052; x_wconf 73' lang='lat' dir='ltr'>vestigia</span> <span class='ocrx_word' id='word_1_252' title='bbox 480 2001 577 2041; x_wconf 76' lang='lat' dir='ltr'>clara</span> <span class='ocrx_word' id='word_1_253' title='bbox 617 2002 746 2041; x_wconf 87' lang='lat' dir='ltr'>denuo</span> <span class='ocrx_word' id='word_1_254' title='bbox 788 2001 1022 2054; x_wconf 83' lang='lat' dir='ltr'>deprehendi</span> <span class='ocrx_word' id='word_1_255' title='bbox 1066 2002 1125 2041; x_wconf 79' lang='lat' dir='ltr'>dle</span> <span class='ocrx_word' id='word_1_256' title='bbox 1154 1996 1318 2055; x_wconf 63' lang='lat' dir='ltr'>sequfnti</span> <span class='ocrx_word' id='word_1_257' title='bbox 1362 2010 1438 2045; x_wconf 82' lang='lat'>28.</span> 
     </span>
     <span class='ocr_line' id='line_1_30' title="bbox 120 2060 1436 2123; baseline 0.004 -21"><span class='ocrx_word' id='word_1_258' title='bbox 120 2060 185 2103; x_wconf 78' lang='lat' dir='ltr'>lta</span> <span class='ocrx_word' id='word_1_259' title='bbox 219 2061 315 2104; x_wconf 82' lang='lat' dir='ltr'>haec</span> <span class='ocrx_word' id='word_1_260' title='bbox 349 2066 526 2108; x_wconf 74' lang='lat' dir='ltr'>continua</span> <span class='ocrx_word' id='word_1_261' title='bbox 546 2098 557 2119; x_wconf 80' lang='lat'>,</span> <span class='ocrx_word' id='word_1_262' title='bbox 591 2079 661 2123; x_wconf 88' lang='lat' dir='ltr'>per</span> <span class='ocrx_word' id='word_1_263' title='bbox 693 2065 837 2118; x_wconf 78' lang='lat' dir='ltr'>aliquot</span> <span class='ocrx_word' id='word_1_264' title='bbox 871 2066 1020 2107; x_wconf 86' lang='lat' dir='ltr'>dierum</span> <span class='ocrx_word' id='word_1_265' title='bbox 1052 2065 1247 2108; x_wconf 76' lang='lat' dir='ltr'>interualla</span> <span class='ocrx_word' id='word_1_266' title='bbox 1265 2099 1278 2120; x_wconf 71' lang='lat'>,</span> <span class='ocrx_word' id='word_1_267' title='bbox 1318 2079 1436 2121; x_wconf 44' lang='lat' dir='ltr'>appa*</span> 
     </span>
    </p>

    <p class='ocr_par' dir='ltr' id='par_1_4' title="bbox 723 2129 1447 2179">
     <span class='ocr_line' id='line_1_31' title="bbox 723 2129 1447 2179; baseline 0.003 -9"><span class='ocrx_word' id='word_1_268' title='bbox 723 2129 760 2170; x_wconf 90' lang='lat' dir='ltr'>T</span> <span class='ocrx_word' id='word_1_269' title='bbox 783 2139 810 2179; x_wconf 67' lang='lat' dir='ltr'>a</span> <span class='ocrx_word' id='word_1_270' title='bbox 1365 2129 1447 2173; x_wconf 57' lang='lat' dir='ltr'>ruint</span> 
     </span>
    </p>
   </div>
  </div>
 </body>
</html>
