1820 2506
850 91 932 167 ’)(
964 123 1021 165 70
1055 111 1088 171 )(

334 229 393 271 vis
433 236 585 286 tempus
622 228 875 285 affignauerat.
944 229 1052 270 Haec
1102 233 1232 267 autem
1280 224 1504 282 hypothesis
1543 238 1636 269 cum
1694 219 1697 222 ’

333 296 380 336 ad
413 297 615 335 veritatem
657 295 838 349 proxime
872 293 1024 347 quidem
1059 291 1209 331 accedat
1228 322 1239 341 ‚
1272 303 1350 331 non
1385 301 1511 332 autem
1545 304 1634 332 cum

333 370 378 398 ea
437 358 601 411 perfecte
651 358 882 407 conueniat,
925 357 1067 395 idcirco
1118 354 1183 394 fibi
1226 355 1425 406 proposuit
1457 356 1519 394 vir
1548 353 1634 394 Cel.

332 422 373 462 in
407 422 517 462 istum
552 433 719 461 errorem
753 420 951 472 diligenter
984 419 1170 471 inquirere
1188 449 1199 468 ,
1231 428 1309 469 quo
1341 417 1407 457 ista
1437 418 1636 472 hypothe-

330 485 375 525 fiS
406 498 427 525 a
460 485 618 525 veritate
649 484 799 524 recedat
818 515 828 534 ,
863 492 901 536 et
933 480 1033 521 hunc
1070 481 1108 520 in
1127 479 1245 520 finem
1277 479 1533 521 deuiationem
1562 491 1637 522 ter-

329 561 392 589 rae
426 549 472 588 de
505 549 629 588 orbita
661 546 829 599 elliptica
869 558 921 585 ex
952 544 1038 598 ipsis
1069 543 1395 585 sollicitationibus
1439 543 1548 583 lunae
1579 546 1640 584 in-

329 612 514 665 vestigare
547 620 734 661 conatur,
775 608 878 648 nulla
911 609 1109 649 communi
1152 608 1271 648 centri
1305 607 1494 659 grauitatis
1524 608 1643 647 ratio-

328 688 378 716 ne
422 675 548 715 habita
568 708 578 726 ‚
619 673 720 727 quod
761 672 914 726 quidem
948 672 1147 725 negotium
1190 671 1237 711 ad
1269 672 1443 711 maxime
1477 670 1644 724 compli-

330 749 436 779 catos
484 738 647 778 calculos
688 737 884 776 auctorem
933 736 1092 776 deduxit
1109 768 1120 788 ,
1172 746 1264 775 cum
1305 733 1368 774 illa
1412 733 1640 788 hypothesis

327 815 414 843 rem
448 801 629 842 facillime
663 797 923 854 expediuisset.

445 873 535 915 Nos
568 871 682 913 missis
714 871 772 911 his
805 871 1093 913 difficultatibus
1122 871 1162 911 in
1194 868 1450 912 dissertatione
1482 871 1557 925 ipsa
1587 869 1639 912 fe-

327 936 452 978 liciter
483 937 674 990 expeditis
706 936 834 989 paucis
866 937 1086 989 attingimus
1107 969 1118 988 ,
1149 935 1278 975 virum
1315 933 1397 975 Cel.
1435 936 1534 975 inter
1557 947 1638 975 ma-

327 1002 532 1044 ximorum
569 999 868 1042 Geometrarum
910 1001 1071 1041 Neutoni
1120 1008 1160 1038 et
1202 998 1376 1040 Danielis
1418 997 1637 1040 Bernoullii.

328 1077 494 1118 quorum
538 1065 647 1117 prior
689 1061 850 1103 maffam
895 1073 1014 1104 terrae
1057 1062 1103 1102 ad
1136 1060 1296 1102 massam
1336 1063 1444 1102 lunae
1486 1072 1529 1102 vt
1562 1075 1637 1111 39.

328 1128 376 1168 ad
415 1141 432 1166 1
451 1161 462 1180 ,
480 1127 573 1167 alter
589 1137 633 1167 vt
651 1130 723 1165 62.
744 1127 791 1167 ad
817 1141 855 1166 1.
878 1127 1022 1179 statuit,
1043 1125 1214 1167 mediam
1233 1126 1422 1178 quandam
1458 1125 1641 1165 determi-

325 1192 530 1232 nationem
566 1188 773 1242 inuenisse,
806 1190 999 1230 statuendo
1032 1187 1192 1230 massam
1228 1198 1351 1228 terrae
1386 1187 1641 1242 quadragesies

328 1255 448 1294 osties
466 1254 679 1307 grauiorem
699 1250 773 1292 effe
792 1254 901 1303 luna,
929 1255 1148 1293 maximam
1167 1251 1452 1291 correctionem
1484 1252 1558 1291 loci
1584 1251 1639 1292 so-·

328 1317 374 1358 lis
407 1318 445 1358 in
482 1317 660 1370 ecliptica
708 1317 809 1355 16²4
857 1313 974 1363 38Μ
993 1349 1003 1368 ,
1038 1325 1077 1355 et
1109 1315 1324 1356 maximam
1359 1315 1637 1356 correecionem

328 1380 407 1434 log.
443 1381 637 1420 distantiae
668 1379 752 1419 solis
784 1380 823 1418 in
857 1379 1004 1431 syzigiis
1042 1392 1100 1428 34
1136 1378 1182 1417 ad
1215 1377 1493 1429 logarithmum
1536 1390 1557 1417 e
1592 1381 1636 1418 6.

327 1446 429 1485 notis
444 1444 681 1484 constantem
700 1443 764 1482 vel
780 1443 990 1483 addendam
1006 1442 1071 1481 vel
1087 1440 1373 1480 subtrahendam
1390 1438 1478 1488 effe,
1497 1450 1533 1480 et
1551 1451 1631 1481 tan-

327 1508 416 1548 dem
452 1505 722 1547 demonstrasse
740 1539 751 1558 ,
785 1507 888 1561 quod
923 1505 1071 1545 tabulae
1112 1503 1196 1543 suae
1227 1503 1360 1544 solares
1379 1537 1389 1555 ,
1424 1505 1551 1556 prouti
1584 1516 1638 1545 ex

327 1571 400 1612 hac
441 1569 697 1611 dissertatione
737 1571 837 1625 sequi
868 1569 1067 1611 videbatur
1088 1601 1099 1620 ,
1142 1567 1316 1608 nondum
1350 1567 1506 1608 notabili
1541 1568 1639 1610 indi·

329 1644 443 1688 geant
475 1634 759 1675 emendatione.

330 1782 375 1820 G.
412 1781 471 1819 W.
502 1784 697 1821 KRAFFT
700 1784 728 1821 11
764 1783 1072 1822 OBSERVA‘HO
1106 1781 1298 1820 ECLH‘SxS
1332 1779 1524 1819 SOLARIS
1557 1782 1637 1820 DIE

579 1847 638 1879 25.
670 1835 764 1871 IVL.
802 1842 906 1879 1748·
935 1833 1180 1872 TVBINGAE
1205 1831 1377 1870 FACTA.

427 1933 604 1979 viomodo
646 1939 707 1979 vir
746 1935 808 1978 (ΣΙ.
855 1937 1008 1990 eclipsin
1048 1936 1134 1976 solis
1174 1946 1263 1975 curn
1306 1931 1462 1972 maculis
1502 1933 1541 1973 in
1583 1944 1633 1972 eo

454 2003 695 2044 haerentibus
737 2003 774 2043 d.
812 2012 866 2050 25
905 2000 973 2041 Iul.
1015 2005 1127 2050 1748
1171 1998 1214 2038 st.
1251 2010 1288 2036 n.
1327 1996 1525 2051 Tubingae
1558 1996 1638 2099 ffb-

1574 2071 1634 2099 er·-
