<?xml version="1.0" encoding="UTF-8"?>
<!DOCTYPE html PUBLIC "-//W3C//DTD XHTML 1.0 Transitional//EN"
    "http://www.w3.org/TR/xhtml1/DTD/xhtml1-transitional.dtd">
<html xmlns="http://www.w3.org/1999/xhtml" xml:lang="en" lang="en">
 <head>
  <title>
</title>
<meta http-equiv="Content-Type" content="text/html;charset=utf-8" />
  <meta name='ocr-system' content='tesseract 3.04.00' />
  <meta name='ocr-capabilities' content='ocr_page ocr_carea ocr_par ocr_line ocrx_word'/>
</head>
<body>
  <div class='ocr_page' id='page_1' title='image "./novicommentariac01impe_0329.png"; bbox 0 0 1820 2506; ppageno 0'>
   <div class='ocr_carea' id='block_1_1' title="bbox 429 176 1444 243">
    <p class='ocr_par' dir='ltr' id='par_1_1' title="bbox 429 176 1444 243">
     <span class='ocr_line' id='line_1_1' title="bbox 429 176 1444 243; baseline -0.001 -9"><span class='ocrx_word' id='word_1_1' title='bbox 429 188 516 234; x_wconf 84' lang='lat' dir='ltr'>DE</span> <span class='ocrx_word' id='word_1_2' title='bbox 548 188 611 233; x_wconf 83' lang='lat' dir='ltr'>VI</span> <span class='ocrx_word' id='word_1_3' title='bbox 648 187 818 234; x_wconf 71' lang='lat' dir='ltr'><em>AERJS</em></span> <span class='ocrx_word' id='word_1_4' title='bbox 848 176 1139 235; x_wconf 67' lang='lat' dir='ltr'><em>ELARTICA</em></span> <span class='ocrx_word' id='word_1_5' title='bbox 1353 191 1444 243; x_wconf 72' lang='lat' dir='ltr'>2311v</span> 
     </span>
    </p>
   </div>
   <div class='ocr_carea' id='block_1_2' title="bbox 116 308 1454 2211">
    <p class='ocr_par' dir='ltr' id='par_1_2' title="bbox 118 308 1448 928">
     <span class='ocr_line' id='line_1_2' title="bbox 262 308 1448 366; baseline 0.002 -18"><span class='ocrx_word' id='word_1_6' title='bbox 262 309 295 358; x_wconf 68' lang='grc' dir='ltr'>ξ.</span> <span class='ocrx_word' id='word_1_7' title='bbox 322 321 359 349; x_wconf 88' lang='lat'>2.</span> <span class='ocrx_word' id='word_1_8' title='bbox 400 308 490 350; x_wconf 78' lang='lat' dir='ltr'>Prae</span> <span class='ocrx_word' id='word_1_9' title='bbox 525 310 702 351; x_wconf 90' lang='lat' dir='ltr'>omnibus</span> <span class='ocrx_word' id='word_1_10' title='bbox 734 322 829 352; x_wconf 84' lang='lat' dir='ltr'>vero</span> <span class='ocrx_word' id='word_1_11' title='bbox 848 343 859 362; x_wconf 79' lang='lat'>‚</span> <span class='ocrx_word' id='word_1_12' title='bbox 892 321 988 365; x_wconf 83' lang='lat' dir='ltr'>quae</span> <span class='ocrx_word' id='word_1_13' title='bbox 1022 309 1212 362; x_wconf 75' lang='lat' dir='ltr'>hucusque</span> <span class='ocrx_word' id='word_1_14' title='bbox 1256 321 1308 349; x_wconf 86' lang='lat' dir='ltr'>ex</span> <span class='ocrx_word' id='word_1_15' title='bbox 1340 309 1448 366; x_wconf 84' lang='lat' dir='ltr'>Phy-</span> 
     </span>
     <span class='ocr_line' id='line_1_3' title="bbox 120 373 1448 428; baseline -0.001 -12"><span class='ocrx_word' id='word_1_16' title='bbox 120 374 283 416; x_wconf 87' lang='lat' dir='ltr'>ficorum</span> <span class='ocrx_word' id='word_1_17' title='bbox 318 373 461 428; x_wconf 88' lang='lat' dir='ltr'>scriptis</span> <span class='ocrx_word' id='word_1_18' title='bbox 495 374 603 415; x_wconf 89' lang='lat' dir='ltr'>nobis</span> <span class='ocrx_word' id='word_1_19' title='bbox 636 376 882 416; x_wconf 87' lang='lat' dir='ltr'>innotuerunt</span> <span class='ocrx_word' id='word_1_20' title='bbox 901 407 911 426; x_wconf 88' lang='lat'>,</span> <span class='ocrx_word' id='word_1_21' title='bbox 946 373 1223 428; x_wconf 79' lang='lat' dir='ltr'>hypothesibus</span> <span class='ocrx_word' id='word_1_22' title='bbox 1242 407 1253 426; x_wconf 81' lang='lat'>,</span> <span class='ocrx_word' id='word_1_23' title='bbox 1294 375 1341 415; x_wconf 82' lang='lat' dir='ltr'>ad</span> <span class='ocrx_word' id='word_1_24' title='bbox 1375 387 1448 415; x_wconf 84' lang='lat' dir='ltr'>ex—</span> 
     </span>
     <span class='ocr_line' id='line_1_4' title="bbox 120 437 1446 491; baseline 0.002 -14"><span class='ocrx_word' id='word_1_25' title='bbox 120 437 334 491; x_wconf 76' lang='lat' dir='ltr'>plicandam</span> <span class='ocrx_word' id='word_1_26' title='bbox 377 439 461 479; x_wconf 85' lang='lat' dir='ltr'>vim</span> <span class='ocrx_word' id='word_1_27' title='bbox 492 440 584 479; x_wconf 80' lang='lat' dir='ltr'>aeris</span> <span class='ocrx_word' id='word_1_28' title='bbox 616 439 803 480; x_wconf 80' lang='lat' dir='ltr'>elasticam</span> <span class='ocrx_word' id='word_1_29' title='bbox 836 438 1017 490; x_wconf 83' lang='lat' dir='ltr'>formatis,</span> <span class='ocrx_word' id='word_1_30' title='bbox 1051 437 1326 491; x_wconf 79' lang='lat' dir='ltr'>plausibiliores</span> <span class='ocrx_word' id='word_1_31' title='bbox 1367 437 1446 481; x_wconf 84' lang='lat' dir='ltr'>effe</span> 
     </span>
     <span class='ocr_line' id='line_1_5' title="bbox 119 502 1443 557; baseline 0.002 -16"><span class='ocrx_word' id='word_1_32' title='bbox 119 502 300 542; x_wconf 85' lang='lat' dir='ltr'>videntur</span> <span class='ocrx_word' id='word_1_33' title='bbox 334 514 400 542; x_wconf 84' lang='lat' dir='ltr'>eae</span> <span class='ocrx_word' id='word_1_34' title='bbox 419 535 430 555; x_wconf 85' lang='lat'>,</span> <span class='ocrx_word' id='word_1_35' title='bbox 465 515 562 557; x_wconf 85' lang='lat' dir='ltr'>quae</span> <span class='ocrx_word' id='word_1_36' title='bbox 594 502 741 556; x_wconf 84' lang='lat' dir='ltr'>legibus</span> <span class='ocrx_word' id='word_1_37' title='bbox 772 512 955 555; x_wconf 84' lang='lat' dir='ltr'>motuum</span> <span class='ocrx_word' id='word_1_38' title='bbox 985 502 1211 543; x_wconf 85' lang='lat' dir='ltr'>centralium</span> <span class='ocrx_word' id='word_1_39' title='bbox 1237 502 1443 556; x_wconf 87' lang='lat' dir='ltr'>superstru-</span> 
     </span>
     <span class='ocr_line' id='line_1_6' title="bbox 121 565 1446 621; baseline 0.002 -15"><span class='ocrx_word' id='word_1_40' title='bbox 121 565 208 606; x_wconf 63' lang='lat' dir='ltr'>(tae</span> <span class='ocrx_word' id='word_1_41' title='bbox 239 565 335 607; x_wconf 89' lang='lat' dir='ltr'>sunt.</span> <span class='ocrx_word' id='word_1_42' title='bbox 404 565 503 608; x_wconf 89' lang='lat' dir='ltr'>Non</span> <span class='ocrx_word' id='word_1_43' title='bbox 539 567 643 607; x_wconf 88' lang='lat' dir='ltr'>enim</span> <span class='ocrx_word' id='word_1_44' title='bbox 677 568 809 609; x_wconf 84' lang='lat' dir='ltr'>eadem</span> <span class='ocrx_word' id='word_1_45' title='bbox 845 566 1010 621; x_wconf 80' lang='lat' dir='ltr'>quaestio</span> <span class='ocrx_word' id='word_1_46' title='bbox 1043 566 1186 607; x_wconf 80' lang='lat' dir='ltr'>variata</span> <span class='ocrx_word' id='word_1_47' title='bbox 1219 566 1344 621; x_wconf 77' lang='lat' dir='ltr'>phrafi</span> <span class='ocrx_word' id='word_1_48' title='bbox 1384 569 1446 608; x_wconf 84' lang='lat' dir='ltr'>in·</span> 
     </span>
     <span class='ocr_line' id='line_1_7' title="bbox 119 629 1446 686; baseline 0.002 -16"><span class='ocrx_word' id='word_1_49' title='bbox 119 629 252 670; x_wconf 83' lang='lat' dir='ltr'>voluta</span> <span class='ocrx_word' id='word_1_50' title='bbox 284 631 324 671; x_wconf 91' lang='lat' dir='ltr'>in</span> <span class='ocrx_word' id='word_1_51' title='bbox 358 629 430 670; x_wconf 88' lang='lat' dir='ltr'>illis</span> <span class='ocrx_word' id='word_1_52' title='bbox 461 642 536 684; x_wconf 90' lang='lat' dir='ltr'>pro</span> <span class='ocrx_word' id='word_1_53' title='bbox 568 629 673 671; x_wconf 83' lang='lat' dir='ltr'>causa</span> <span class='ocrx_word' id='word_1_54' title='bbox 713 632 790 685; x_wconf 80' lang='lat' dir='ltr'>ipsa</span> <span class='ocrx_word' id='word_1_55' title='bbox 829 630 985 672; x_wconf 83' lang='lat' dir='ltr'>affertur</span> <span class='ocrx_word' id='word_1_56' title='bbox 1003 663 1015 683; x_wconf 87' lang='lat'>‚</span> <span class='ocrx_word' id='word_1_57' title='bbox 1055 639 1121 670; x_wconf 80' lang='lat' dir='ltr'>aut</span> <span class='ocrx_word' id='word_1_58' title='bbox 1161 643 1257 684; x_wconf 81' lang='lat' dir='ltr'>quae</span> <span class='ocrx_word' id='word_1_59' title='bbox 1292 644 1446 686; x_wconf 85' lang='lat' dir='ltr'>propo-</span> 
     </span>
     <span class='ocr_line' id='line_1_8' title="bbox 118 693 1448 749; baseline 0.002 -15"><span class='ocrx_word' id='word_1_60' title='bbox 118 704 262 734; x_wconf 88' lang='lat' dir='ltr'>nuntur</span> <span class='ocrx_word' id='word_1_61' title='bbox 293 706 315 734; x_wconf 89' lang='lat' dir='ltr'>a</span> <span class='ocrx_word' id='word_1_62' title='bbox 346 704 476 735; x_wconf 90' lang='lat' dir='ltr'>motus</span> <span class='ocrx_word' id='word_1_63' title='bbox 508 694 647 748; x_wconf 89' lang='lat' dir='ltr'>regulis</span> <span class='ocrx_word' id='word_1_64' title='bbox 678 694 800 735; x_wconf 79' lang='lat' dir='ltr'>aliena</span> <span class='ocrx_word' id='word_1_65' title='bbox 832 695 928 735; x_wconf 89' lang='lat' dir='ltr'>sunt.</span> <span class='ocrx_word' id='word_1_66' title='bbox 997 694 1052 735; x_wconf 92' lang='lat' dir='ltr'>Et</span> <span class='ocrx_word' id='word_1_67' title='bbox 1083 707 1154 734; x_wconf 87' lang='lat' dir='ltr'>nos</span> <span class='ocrx_word' id='word_1_68' title='bbox 1171 693 1343 749; x_wconf 87' lang='lat' dir='ltr'>suscepto</span> <span class='ocrx_word' id='word_1_69' title='bbox 1368 695 1448 737; x_wconf 88' lang='lat' dir='ltr'>hoc</span> 
     </span>
     <span class='ocr_line' id='line_1_9' title="bbox 119 758 1446 813; baseline 0.003 -16"><span class='ocrx_word' id='word_1_70' title='bbox 119 758 278 812; x_wconf 85' lang='lat' dir='ltr'>negotio</span> <span class='ocrx_word' id='word_1_71' title='bbox 309 758 438 800; x_wconf 67' lang='lat' dir='ltr'>aetum</span> <span class='ocrx_word' id='word_1_72' title='bbox 470 758 650 813; x_wconf 89' lang='lat' dir='ltr'>equidem</span> <span class='ocrx_word' id='word_1_73' title='bbox 682 772 911 813; x_wconf 62' lang='lat' dir='ltr'>ageremusg</span> <span class='ocrx_word' id='word_1_74' title='bbox 954 759 982 801; x_wconf 88' lang='lat' dir='ltr'>fi</span> <span class='ocrx_word' id='word_1_75' title='bbox 1030 771 1112 799; x_wconf 92' lang='lat' dir='ltr'>non</span> <span class='ocrx_word' id='word_1_76' title='bbox 1163 760 1349 813; x_wconf 80' lang='lat' dir='ltr'>quaedam</span> <span class='ocrx_word' id='word_1_77' title='bbox 1398 760 1446 801; x_wconf 81' lang='lat' dir='ltr'>ad</span> 
     </span>
     <span class='ocr_line' id='line_1_10' title="bbox 119 820 1448 878; baseline 0.002 -16"><span class='ocrx_word' id='word_1_78' title='bbox 119 820 195 863; x_wconf 91' lang='lat' dir='ltr'>huc</span> <span class='ocrx_word' id='word_1_79' title='bbox 229 822 427 863; x_wconf 82' lang='lat' dir='ltr'>defiderari</span> <span class='ocrx_word' id='word_1_80' title='bbox 444 856 458 876; x_wconf 76' lang='lat'>,</span> <span class='ocrx_word' id='word_1_81' title='bbox 489 832 555 863; x_wconf 81' lang='lat' dir='ltr'>aut</span> <span class='ocrx_word' id='word_1_82' title='bbox 585 823 710 864; x_wconf 85' lang='lat' dir='ltr'>verius</span> <span class='ocrx_word' id='word_1_83' title='bbox 739 824 935 865; x_wconf 84' lang='lat' dir='ltr'>exundare</span> <span class='ocrx_word' id='word_1_84' title='bbox 966 824 1007 864; x_wconf 89' lang='lat' dir='ltr'>in</span> <span class='ocrx_word' id='word_1_85' title='bbox 1040 822 1241 878; x_wconf 83' lang='lat' dir='ltr'>praeclaro</span> <span class='ocrx_word' id='word_1_86' title='bbox 1272 823 1352 865; x_wconf 91' lang='lat' dir='ltr'>hoc</span> <span class='ocrx_word' id='word_1_87' title='bbox 1387 824 1448 864; x_wconf 84' lang='lat' dir='ltr'>in-</span> 
     </span>
     <span class='ocr_line' id='line_1_11' title="bbox 118 887 500 928; baseline 0.005 -2"><span class='ocrx_word' id='word_1_88' title='bbox 118 895 237 927; x_wconf 81' lang='lat' dir='ltr'>vento</span> <span class='ocrx_word' id='word_1_89' title='bbox 268 887 500 928; x_wconf 64' lang='lat' dir='ltr'>videremus</span> 
     </span>
    </p>

    <p class='ocr_par' dir='ltr' id='par_1_3' title="bbox 116 948 1454 1581">
     <span class='ocr_line' id='line_1_12' title="bbox 257 948 1447 1005; baseline 0.002 -16"><span class='ocrx_word' id='word_1_90' title='bbox 257 951 290 1000; x_wconf 86' lang='lat'>§.</span> <span class='ocrx_word' id='word_1_91' title='bbox 332 962 372 1000; x_wconf 80' lang='grc'>3.</span> <span class='ocrx_word' id='word_1_92' title='bbox 409 950 658 1005; x_wconf 86' lang='lat' dir='ltr'>Superfluum</span> <span class='ocrx_word' id='word_1_93' title='bbox 690 963 835 1005; x_wconf 84' lang='lat' dir='ltr'><strong>nempe</strong></span> <span class='ocrx_word' id='word_1_94' title='bbox 866 948 945 991; x_wconf 83' lang='lat' dir='ltr'>esse</span> <span class='ocrx_word' id='word_1_95' title='bbox 979 949 1196 1003; x_wconf 81' lang='lat' dir='ltr'><strong>censemus,</strong></span> <span class='ocrx_word' id='word_1_96' title='bbox 1237 959 1284 991; x_wconf 80' lang='lat' dir='ltr'>vt</span> <span class='ocrx_word' id='word_1_97' title='bbox 1300 951 1348 991; x_wconf 81' lang='lat' dir='ltr'>ad</span> <span class='ocrx_word' id='word_1_98' title='bbox 1367 949 1447 991; x_wconf 60' lang='lat' dir='ltr'>ela«</span> 
     </span>
     <span class='ocr_line' id='line_1_13' title="bbox 117 1014 1450 1069; baseline 0 -14"><span class='ocrx_word' id='word_1_99' title='bbox 117 1014 204 1055; x_wconf 84' lang='lat' dir='ltr'>teris</span> <span class='ocrx_word' id='word_1_100' title='bbox 238 1016 334 1056; x_wconf 85' lang='lat' dir='ltr'>aeris</span> <span class='ocrx_word' id='word_1_101' title='bbox 366 1015 512 1056; x_wconf 82' lang='lat' dir='ltr'>causam</span> <span class='ocrx_word' id='word_1_102' title='bbox 545 1015 826 1069; x_wconf 74' lang='lat' dir='ltr'>exponendam</span> <span class='ocrx_word' id='word_1_103' title='bbox 867 1016 908 1055; x_wconf 88' lang='lat' dir='ltr'>in</span> <span class='ocrx_word' id='word_1_104' title='bbox 940 1015 1129 1055; x_wconf 81' lang='lat' dir='ltr'>auxilium</span> <span class='ocrx_word' id='word_1_105' title='bbox 1161 1024 1330 1055; x_wconf 80' lang='lat' dir='ltr'>vocetur</span> <span class='ocrx_word' id='word_1_106' title='bbox 1352 1016 1450 1055; x_wconf 85' lang='lat' dir='ltr'>eius-</span> 
     </span>
     <span class='ocr_line' id='line_1_14' title="bbox 116 1078 1450 1134; baseline -0.001 -14"><span class='ocrx_word' id='word_1_107' title='bbox 116 1080 230 1121; x_wconf 88' lang='lat' dir='ltr'>modi</span> <span class='ocrx_word' id='word_1_108' title='bbox 262 1080 509 1133; x_wconf 86' lang='lat' dir='ltr'>peregrinum</span> <span class='ocrx_word' id='word_1_109' title='bbox 550 1078 714 1120; x_wconf 89' lang='lat' dir='ltr'>fluidum</span> <span class='ocrx_word' id='word_1_110' title='bbox 732 1112 743 1132; x_wconf 82' lang='lat'>‚</span> <span class='ocrx_word' id='word_1_111' title='bbox 785 1079 910 1134; x_wconf 80' lang='lat' dir='ltr'>qualia</span> <span class='ocrx_word' id='word_1_112' title='bbox 950 1080 1128 1134; x_wconf 83' lang='lat' dir='ltr'>plerique</span> <span class='ocrx_word' id='word_1_113' title='bbox 1175 1078 1450 1120; x_wconf 82' lang='lat' dir='ltr'>consuetudine</span> 
     </span>
     <span class='ocr_line' id='line_1_15' title="bbox 116 1142 1450 1196; baseline -0.001 -13"><span class='ocrx_word' id='word_1_114' title='bbox 116 1143 261 1195; x_wconf 83' lang='lat' dir='ltr'>seculi,</span> <span class='ocrx_word' id='word_1_115' title='bbox 303 1143 499 1184; x_wconf 27' lang='lat' dir='ltr'>subtilium*</span> <span class='ocrx_word' id='word_1_116' title='bbox 531 1144 779 1183; x_wconf 79' lang='lat' dir='ltr'>materiarum</span> <span class='ocrx_word' id='word_1_117' title='bbox 818 1142 949 1183; x_wconf 81' lang='lat' dir='ltr'>feracis</span> <span class='ocrx_word' id='word_1_118' title='bbox 967 1175 980 1194; x_wconf 82' lang='lat'>‚</span> <span class='ocrx_word' id='word_1_119' title='bbox 1011 1142 1116 1183; x_wconf 65' lang='lat' dir='ltr'>ducti</span> <span class='ocrx_word' id='word_1_120' title='bbox 1134 1174 1146 1194; x_wconf 87' lang='lat'>,</span> <span class='ocrx_word' id='word_1_121' title='bbox 1181 1143 1281 1182; x_wconf 84' lang='lat' dir='ltr'>iusto</span> <span class='ocrx_word' id='word_1_122' title='bbox 1306 1142 1450 1196; x_wconf 75' lang='lat' dir='ltr'>saepius</span> 
     </span>
     <span class='ocr_line' id='line_1_16' title="bbox 120 1204 1450 1260; baseline -0.001 -13"><span class='ocrx_word' id='word_1_123' title='bbox 120 1207 166 1247; x_wconf 88' lang='lat' dir='ltr'>ad</span> <span class='ocrx_word' id='word_1_124' title='bbox 199 1206 430 1260; x_wconf 81' lang='lat' dir='ltr'>explicanda</span> <span class='ocrx_word' id='word_1_125' title='bbox 462 1218 592 1246; x_wconf 90' lang='lat' dir='ltr'>rerum</span> <span class='ocrx_word' id='word_1_126' title='bbox 625 1205 857 1247; x_wconf 71' lang='lat' dir='ltr'>naturalium</span> <span class='ocrx_word' id='word_1_127' title='bbox 890 1204 1161 1260; x_wconf 83' lang='lat' dir='ltr'>phaenomena</span> <span class='ocrx_word' id='word_1_128' title='bbox 1193 1206 1374 1260; x_wconf 75' lang='lat' dir='ltr'>vsurpar&#39;e</span> <span class='ocrx_word' id='word_1_129' title='bbox 1389 1205 1450 1246; x_wconf 92' lang='lat' dir='ltr'>so-</span> 
     </span>
     <span class='ocr_line' id='line_1_17' title="bbox 118 1269 1449 1324; baseline -0.001 -12"><span class='ocrx_word' id='word_1_130' title='bbox 118 1270 215 1312; x_wconf 80' lang='lat' dir='ltr'>lent.</span> <span class='ocrx_word' id='word_1_131' title='bbox 284 1269 407 1324; x_wconf 89' lang='lat' dir='ltr'>Ipfius</span> <span class='ocrx_word' id='word_1_132' title='bbox 440 1271 546 1312; x_wconf 90' lang='lat' dir='ltr'>enim</span> <span class='ocrx_word' id='word_1_133' title='bbox 580 1270 676 1310; x_wconf 82' lang='lat' dir='ltr'>a‘e‘ris</span> <span class='ocrx_word' id='word_1_134' title='bbox 708 1269 909 1311; x_wconf 81' lang='lat' dir='ltr'>subtilitate</span> <span class='ocrx_word' id='word_1_135' title='bbox 940 1280 1053 1324; x_wconf 80' lang='lat' dir='ltr'>atque</span> <span class='ocrx_word' id='word_1_136' title='bbox 1086 1269 1252 1324; x_wconf 79' lang='lat' dir='ltr'>agilitate</span> <span class='ocrx_word' id='word_1_137' title='bbox 1283 1279 1449 1311; x_wconf 82' lang='lat' dir='ltr'>conten-</span> 
     </span>
     <span class='ocr_line' id='line_1_18' title="bbox 118 1331 1454 1389; baseline 0.001 -15"><span class='ocrx_word' id='word_1_138' title='bbox 118 1335 178 1387; x_wconf 87' lang='lat' dir='ltr'>ti,</span> <span class='ocrx_word' id='word_1_139' title='bbox 212 1335 254 1374; x_wconf 92' lang='lat' dir='ltr'>in</span> <span class='ocrx_word' id='word_1_140' title='bbox 290 1335 448 1388; x_wconf 82' lang='lat' dir='ltr'>propria</span> <span class='ocrx_word' id='word_1_141' title='bbox 479 1335 558 1375; x_wconf 83' lang='lat' dir='ltr'>eius</span> <span class='ocrx_word' id='word_1_142' title='bbox 588 1335 748 1375; x_wconf 81' lang='lat' dir='ltr'>materia</span> <span class='ocrx_word' id='word_1_143' title='bbox 780 1334 928 1376; x_wconf 73' lang='lat' dir='ltr'>elateris</span> <span class='ocrx_word' id='word_1_144' title='bbox 961 1334 1108 1375; x_wconf 76' lang='lat' dir='ltr'>causam</span> <span class='ocrx_word' id='word_1_145' title='bbox 1142 1331 1365 1389; x_wconf 81' lang='lat' dir='ltr'>quaerimus.</span> <span class='ocrx_word' id='word_1_146' title='bbox 1398 1334 1454 1376; x_wconf 72' lang='lat' dir='ltr'>Id</span> 
     </span>
     <span class='ocr_line' id='line_1_19' title="bbox 118 1397 1453 1454; baseline 0 -14"><span class='ocrx_word' id='word_1_147' title='bbox 118 1407 246 1440; x_wconf 86' lang='lat' dir='ltr'>autem</span> <span class='ocrx_word' id='word_1_148' title='bbox 278 1411 360 1440; x_wconf 92' lang='lat' dir='ltr'>non</span> <span class='ocrx_word' id='word_1_149' title='bbox 392 1398 527 1439; x_wconf 82' lang='lat' dir='ltr'>iniuria</span> <span class='ocrx_word' id='word_1_150' title='bbox 564 1397 691 1439; x_wconf 69' lang='lat' dir='ltr'>ficere</span> <span class='ocrx_word' id='word_1_151' title='bbox 724 1411 797 1440; x_wconf 89' lang='lat' dir='ltr'>nos</span> <span class='ocrx_word' id='word_1_152' title='bbox 826 1399 1043 1440; x_wconf 79' lang='lat' dir='ltr'>aestimabit</span> <span class='ocrx_word' id='word_1_153' title='bbox 1061 1432 1073 1452; x_wconf 81' lang='lat'>,</span> <span class='ocrx_word' id='word_1_154' title='bbox 1092 1399 1323 1454; x_wconf 86' lang='lat' dir='ltr'>quicunque</span> <span class='ocrx_word' id='word_1_155' title='bbox 1359 1412 1453 1440; x_wconf 81' lang='lat' dir='ltr'>me-</span> 
     </span>
     <span class='ocr_line' id='line_1_20' title="bbox 118 1462 1454 1519; baseline 0.001 -16"><span class='ocrx_word' id='word_1_156' title='bbox 118 1463 322 1504; x_wconf 83' lang='lat' dir='ltr'>ditationes</span> <span class='ocrx_word' id='word_1_157' title='bbox 361 1462 506 1504; x_wconf 90' lang='lat' dir='ltr'>nostras</span> <span class='ocrx_word' id='word_1_158' title='bbox 552 1463 603 1503; x_wconf 88' lang='lat' dir='ltr'>de</span> <span class='ocrx_word' id='word_1_159' title='bbox 643 1462 780 1504; x_wconf 82' lang='lat' dir='ltr'>caloris</span> <span class='ocrx_word' id='word_1_160' title='bbox 823 1463 929 1505; x_wconf 72' lang='lat' dir='ltr'>causti</span> <span class='ocrx_word' id='word_1_161' title='bbox 961 1463 1076 1518; x_wconf 86' lang='lat' dir='ltr'>legit,</span> <span class='ocrx_word' id='word_1_162' title='bbox 1109 1472 1148 1504; x_wconf 91' lang='lat' dir='ltr'>et</span> <span class='ocrx_word' id='word_1_163' title='bbox 1179 1463 1454 1519; x_wconf 63' lang='lat' dir='ltr'>quae-sequum</span> 
     </span>
     <span class='ocr_line' id='line_1_21' title="bbox 117 1525 722 1581; baseline -0.003 -13"><span class='ocrx_word' id='word_1_164' title='bbox 117 1534 181 1568; x_wconf 83' lang='lat' dir='ltr'>tur</span> <span class='ocrx_word' id='word_1_165' title='bbox 199 1560 210 1581; x_wconf 89' lang='lat'>‚</span> <span class='ocrx_word' id='word_1_166' title='bbox 246 1540 337 1568; x_wconf 87' lang='lat' dir='ltr'>cum</span> <span class='ocrx_word' id='word_1_167' title='bbox 369 1527 503 1568; x_wconf 85' lang='lat' dir='ltr'>iisdem</span> <span class='ocrx_word' id='word_1_168' title='bbox 538 1525 722 1567; x_wconf 84' lang='lat' dir='ltr'>conferet.</span> 
     </span>
    </p>

    <p class='ocr_par' dir='ltr' id='par_1_4' title="bbox 119 1589 1452 2211">
     <span class='ocr_line' id='line_1_22' title="bbox 267 1589 1450 1646; baseline 0.002 -15"><span class='ocrx_word' id='word_1_169' title='bbox 267 1592 302 1641; x_wconf 85' lang='lat'>§.</span> <span class='ocrx_word' id='word_1_170' title='bbox 325 1605 366 1643; x_wconf 84' lang='lat'>4.</span> <span class='ocrx_word' id='word_1_171' title='bbox 402 1591 459 1631; x_wconf 94' lang='lat' dir='ltr'>Vt</span> <span class='ocrx_word' id='word_1_172' title='bbox 491 1603 589 1632; x_wconf 84' lang='lat' dir='ltr'>vero</span> <span class='ocrx_word' id='word_1_173' title='bbox 619 1591 660 1631; x_wconf 91' lang='lat' dir='ltr'>in</span> <span class='ocrx_word' id='word_1_174' title='bbox 692 1589 861 1645; x_wconf 89' lang='lat' dir='ltr'>suscepto</span> <span class='ocrx_word' id='word_1_175' title='bbox 893 1590 972 1632; x_wconf 92' lang='lat' dir='ltr'>hoc</span> <span class='ocrx_word' id='word_1_176' title='bbox 1014 1591 1178 1646; x_wconf 84' lang='lat' dir='ltr'>negotio</span> <span class='ocrx_word' id='word_1_177' title='bbox 1210 1592 1309 1633; x_wconf 83' lang='lat' dir='ltr'>iusto</span> <span class='ocrx_word' id='word_1_178' title='bbox 1341 1592 1450 1633; x_wconf 86' lang='lat' dir='ltr'>ordi·</span> 
     </span>
     <span class='ocr_line' id='line_1_23' title="bbox 119 1654 1449 1711; baseline -0.001 -14"><span class='ocrx_word' id='word_1_179' title='bbox 119 1668 170 1698; x_wconf 87' lang='lat' dir='ltr'>ne</span> <span class='ocrx_word' id='word_1_180' title='bbox 220 1656 515 1711; x_wconf 84' lang='lat' dir='ltr'>progrediamur</span> <span class='ocrx_word' id='word_1_181' title='bbox 533 1688 545 1708; x_wconf 78' lang='lat'>,</span> <span class='ocrx_word' id='word_1_182' title='bbox 594 1667 617 1695; x_wconf 79' lang='lat' dir='ltr'>a</span> <span class='ocrx_word' id='word_1_183' title='bbox 639 1654 741 1695; x_wconf 78' lang='lat' dir='ltr'>clara</span> <span class='ocrx_word' id='word_1_184' title='bbox 788 1657 951 1696; x_wconf 83' lang='lat' dir='ltr'>notione</span> <span class='ocrx_word' id='word_1_185' title='bbox 999 1656 1152 1697; x_wconf 81' lang='lat' dir='ltr'>elateris</span> <span class='ocrx_word' id='word_1_186' title='bbox 1213 1658 1306 1698; x_wconf 79' lang='lat' dir='ltr'>aeris</span> <span class='ocrx_word' id='word_1_187' title='bbox 1353 1656 1449 1697; x_wconf 81' lang='lat' dir='ltr'>inci-¹</span> 
     </span>
     <span class='ocr_line' id='line_1_24' title="bbox 119 1717 1450 1774; baseline 0.002 -15"><span class='ocrx_word' id='word_1_188' title='bbox 119 1721 274 1774; x_wconf 87' lang='lat' dir='ltr'>pimus:</span> <span class='ocrx_word' id='word_1_189' title='bbox 310 1720 350 1761; x_wconf 91' lang='lat' dir='ltr'>id</span> <span class='ocrx_word' id='word_1_190' title='bbox 384 1721 488 1761; x_wconf 84' lang='lat' dir='ltr'>circo</span> <span class='ocrx_word' id='word_1_191' title='bbox 537 1729 577 1760; x_wconf 91' lang='lat' dir='ltr'>et</span> <span class='ocrx_word' id='word_1_192' title='bbox 627 1717 898 1761; x_wconf 87' lang='lat' dir='ltr'>definitionem</span> <span class='ocrx_word' id='word_1_193' title='bbox 938 1720 1159 1761; x_wconf 59' lang='lat' dir='ltr'>tractationi</span> <span class='ocrx_word' id='word_1_194' title='bbox 1204 1720 1297 1762; x_wconf 87' lang='lat' dir='ltr'>huic</span> <span class='ocrx_word' id='word_1_195' title='bbox 1338 1733 1450 1774; x_wconf 76' lang='lat' dir='ltr'>prae-</span> 
     </span>
     <span class='ocr_line' id='line_1_25' title="bbox 119 1782 1449 1839; baseline 0.001 -15"><span class='ocrx_word' id='word_1_196' title='bbox 119 1784 308 1824; x_wconf 85' lang='lat' dir='ltr'>mittimus</span> <span class='ocrx_word' id='word_1_197' title='bbox 338 1791 462 1837; x_wconf 65' lang='lat' dir='ltr'>atque‘</span> <span class='ocrx_word' id='word_1_198' title='bbox 481 1785 566 1824; x_wconf 82' lang='lat' dir='ltr'>vim</span> <span class='ocrx_word' id='word_1_199' title='bbox 606 1782 713 1824; x_wconf 82' lang='lat' dir='ltr'>illam</span> <span class='ocrx_word' id='word_1_200' title='bbox 754 1785 795 1824; x_wconf 89' lang='lat' dir='ltr'>in</span> <span class='ocrx_word' id='word_1_201' title='bbox 839 1794 980 1825; x_wconf 88' lang='lat' dir='ltr'>conatu</span> <span class='ocrx_word' id='word_1_202' title='bbox 1019 1785 1116 1825; x_wconf 75' lang='lat' dir='ltr'>aeris</span> <span class='ocrx_word' id='word_1_203' title='bbox 1164 1798 1310 1839; x_wconf 80' lang='lat' dir='ltr'>quaqua</span> <span class='ocrx_word' id='word_1_204' title='bbox 1358 1797 1449 1826; x_wconf 81' lang='lat' dir='ltr'>ver·</span> 
     </span>
     <span class='ocr_line' id='line_1_26' title="bbox 121 1847 1448 1900; baseline 0.001 -12"><span class='ocrx_word' id='word_1_205' title='bbox 121 1848 203 1888; x_wconf 87' lang='lat' dir='ltr'>sum</span> <span class='ocrx_word' id='word_1_206' title='bbox 236 1847 308 1888; x_wconf 91' lang='lat' dir='ltr'>sese</span> <span class='ocrx_word' id='word_1_207' title='bbox 341 1847 587 1900; x_wconf 81' lang='lat' dir='ltr'>expandendi</span> <span class='ocrx_word' id='word_1_208' title='bbox 619 1847 824 1889; x_wconf 82' lang='lat' dir='ltr'>consistere</span> <span class='ocrx_word' id='word_1_209' title='bbox 837 1849 1011 1889; x_wconf 87' lang='lat' dir='ltr'>dicimus.</span> <span class='ocrx_word' id='word_1_210' title='bbox 1080 1849 1182 1890; x_wconf 87' lang='lat' dir='ltr'>Hinc</span> <span class='ocrx_word' id='word_1_211' title='bbox 1200 1859 1332 1889; x_wconf 76' lang='lat' dir='ltr'>autem</span> <span class='ocrx_word' id='word_1_212' title='bbox 1350 1861 1448 1890; x_wconf 85' lang='lat' dir='ltr'>con-</span> 
     </span>
     <span class='ocr_line' id='line_1_27' title="bbox 123 1910 1448 1965; baseline 0.002 -13"><span class='ocrx_word' id='word_1_213' title='bbox 123 1912 308 1952; x_wconf 85' lang='lat' dir='ltr'>cludimus</span> <span class='ocrx_word' id='word_1_214' title='bbox 341 1911 542 1965; x_wconf 80' lang='lat' dir='ltr'>particulas</span> <span class='ocrx_word' id='word_1_215' title='bbox 581 1910 678 1951; x_wconf 84' lang='lat' dir='ltr'>a&#39;e&#39;ris</span> <span class='ocrx_word' id='word_1_216' title='bbox 728 1912 955 1953; x_wconf 77' lang='lat' dir='ltr'>insensibiles</span> <span class='ocrx_word' id='word_1_217' title='bbox 1003 1927 1024 1954; x_wconf 87' lang='lat' dir='ltr'>a</span> <span class='ocrx_word' id='word_1_218' title='bbox 1077 1913 1114 1953; x_wconf 88' lang='lat' dir='ltr'>se</span> <span class='ocrx_word' id='word_1_219' title='bbox 1164 1914 1334 1954; x_wconf 86' lang='lat' dir='ltr'>inuicem</span> <span class='ocrx_word' id='word_1_220' title='bbox 1385 1926 1448 1954; x_wconf 76' lang='lat' dir='ltr'>re-</span> 
     </span>
     <span class='ocr_line' id='line_1_28' title="bbox 121 1976 1448 2032; baseline 0.002 -17"><span class='ocrx_word' id='word_1_221' title='bbox 121 1976 257 2016; x_wconf 87' lang='lat' dir='ltr'>cedere</span> <span class='ocrx_word' id='word_1_222' title='bbox 277 2008 288 2028; x_wconf 88' lang='lat'>,</span> <span class='ocrx_word' id='word_1_223' title='bbox 321 1988 434 2030; x_wconf 81' lang='lat' dir='ltr'>quam</span> <span class='ocrx_word' id='word_1_224' title='bbox 465 1976 639 2031; x_wconf 90' lang='lat' dir='ltr'>primum</span> <span class='ocrx_word' id='word_1_225' title='bbox 690 1977 850 2017; x_wconf 87' lang='lat' dir='ltr'>remotis</span> <span class='ocrx_word' id='word_1_226' title='bbox 900 1977 1100 2018; x_wconf 85' lang='lat' dir='ltr'>obstaculis</span> <span class='ocrx_word' id='word_1_227' title='bbox 1151 1990 1193 2017; x_wconf 89' lang='lat' dir='ltr'>re</span> <span class='ocrx_word' id='word_1_228' title='bbox 1243 1977 1324 2032; x_wconf 81' lang='lat' dir='ltr'>ipsa</span> <span class='ocrx_word' id='word_1_229' title='bbox 1373 1990 1448 2019; x_wconf 43' lang='lat' dir='ltr'>exv</span> 
     </span>
     <span class='ocr_line' id='line_1_29' title="bbox 121 2040 1441 2094; baseline 0.002 -14"><span class='ocrx_word' id='word_1_230' title='bbox 121 2040 312 2094; x_wconf 80' lang='lat' dir='ltr'>panditur.</span> <span class='ocrx_word' id='word_1_231' title='bbox 395 2040 474 2080; x_wconf 91' lang='lat' dir='ltr'>Vbi</span> <span class='ocrx_word' id='word_1_232' title='bbox 517 2040 674 2081; x_wconf 82' lang='lat' dir='ltr'>tandem</span> <span class='ocrx_word' id='word_1_233' title='bbox 708 2041 786 2081; x_wconf 91' lang='lat' dir='ltr'>duo</span> <span class='ocrx_word' id='word_1_234' title='bbox 819 2041 1090 2083; x_wconf 79' lang='lat' dir='ltr'>consideranda</span> <span class='ocrx_word' id='word_1_235' title='bbox 1128 2042 1323 2093; x_wconf 83' lang='lat' dir='ltr'>veniunt,</span> <span class='ocrx_word' id='word_1_236' title='bbox 1376 2055 1441 2083; x_wconf 82' lang='lat' dir='ltr'>na-</span> 
     </span>
     <span class='ocr_line' id='line_1_30' title="bbox 122 2103 1452 2163; baseline 0.004 -19"><span class='ocrx_word' id='word_1_237' title='bbox 122 2115 204 2145; x_wconf 79' lang='lat' dir='ltr'>tura</span> <span class='ocrx_word' id='word_1_238' title='bbox 257 2103 528 2159; x_wconf 79' lang='lat' dir='ltr'>particularum</span> <span class='ocrx_word' id='word_1_239' title='bbox 579 2104 745 2161; x_wconf 74' lang='lat' dir='ltr'>ipfirum</span> <span class='ocrx_word' id='word_1_240' title='bbox 795 2112 834 2147; x_wconf 90' lang='lat' dir='ltr'>et</span> <span class='ocrx_word' id='word_1_241' title='bbox 881 2106 941 2148; x_wconf 81' lang='lat' dir='ltr'>vis</span> <span class='ocrx_word' id='word_1_242' title='bbox 989 2119 1066 2163; x_wconf 81' lang='lat' dir='ltr'>qua</span> <span class='ocrx_word' id='word_1_243' title='bbox 1112 2119 1135 2149; x_wconf 78' lang='lat' dir='ltr'>a</span> <span class='ocrx_word' id='word_1_244' title='bbox 1185 2105 1240 2148; x_wconf 82' lang='lat' dir='ltr'>se&#39;</span> <span class='ocrx_word' id='word_1_245' title='bbox 1271 2106 1452 2149; x_wconf 81' lang='lat' dir='ltr'>inuicem</span> 
     </span>
     <span class='ocr_line' id='line_1_31' title="bbox 126 2177 1083 2211; baseline -0.001 0"><span class='ocrx_word' id='word_1_246' title='bbox 126 2177 387 2211; x_wconf 81' lang='lat' dir='ltr'>remouentur.</span> <span class='ocrx_word' id='word_1_247' title='bbox 502 2177 503 2180; x_wconf 74' lang='grc'>’</span> <span class='ocrx_word' id='word_1_248' title='bbox 547 2183 550 2185; x_wconf 59' lang='grc'><strong>’</strong></span> <span class='ocrx_word' id='word_1_249' title='bbox 1080 2186 1083 2187; x_wconf 55' lang='grc'>’</span> 
     </span>
    </p>
   </div>
   <div class='ocr_carea' id='block_1_3' title="bbox 1329 2233 1447 2283">
    <p class='ocr_par' dir='ltr' id='par_1_5' title="bbox 1329 2233 1447 2283">
     <span class='ocr_line' id='line_1_32' title="bbox 1329 2233 1447 2283; baseline 0.017 -11"><span class='ocrx_word' id='word_1_250' title='bbox 1329 2233 1365 2283; x_wconf 74' lang='lat'>§„</span> <span class='ocrx_word' id='word_1_251' title='bbox 1402 2241 1447 2283; x_wconf 68' lang='lat'>5²0</span> 
     </span>
    </p>
   </div>
  </div>
 </body>
</html>
