1820 2506
403 172 474 220 IN
506 169 742 220 FODINIS
779 168 1103 222 OBSERVATO
1354 178 1411 217 26
1412 189 1442 228 9

621 288 931 349 Scholium.

270 378 306 428 §-
344 392 385 429 4.
420 378 529 420 Putet
562 377 656 420 AB
688 390 727 420 et
769 376 859 420 EC
899 388 1054 419 crurum
1093 374 1307 431 syphonis‚
1346 373 1441 419 foffa

125 449 247 484 autem
279 442 399 485 latens
431 441 467 484 B
485 443 522 485 E
555 443 684 485 baseos
716 442 816 484 illius
846 443 975 484 vicem
1007 440 1180 496 explent.

587 509 867 573 Definitio
917 536 967 588 3.

271 601 306 651 §.
347 612 385 651 5.
423 600 560 642 Puteus
591 603 704 643 altior
736 600 772 642 C
790 603 828 643 E
860 603 996 643 dicitur
1014 635 1025 654 ,
1059 601 1164 643 cuius
1189 609 1365 655 apertura
1380 602 1439 642 su·

123 665 251 721 perior
284 662 320 704 C
352 674 460 718 patet
494 665 535 704 in
568 676 679 719 parte
709 667 857 706 montis
891 667 1064 706 editiore.
1132 665 1268 706 Puteus
1310 665 1440 706 humi-

121 728 196 769 lior
232 728 272 769 A
291 727 327 769 B
366 728 420 768 est
437 761 448 780 ,
490 729 592 770 cuius
631 739 809 784 apertura
841 728 1012 785 superior
1043 729 1084 771 A
1116 739 1224 786 patet
1255 730 1298 771 in
1328 738 1441 785 parte

121 793 264 834 montis
294 791 517 833 humiliore.

575 862 975 922 Corollarium.

264 950 299 1000 ς.
337 954 378 990 6.
415 947 456 991 Si
490 959 653 1005 vterque
685 962 821 1005 puteus
863 961 903 992 et
945 947 1041 991 fofl’a
1082 949 1201 992 latens
1240 951 1440 1006 replentur

115 1012 236 1055 fluido
253 1047 265 1067 ‚
298 1015 402 1069 quod
436 1026 566 1054 aerem
599 1024 804 1057 externum
838 1015 1023 1069 grauitate
1055 1014 1229 1069 specifica
1268 1018 1437 1070 superat,

114 1077 272 1118 fluidum
305 1078 345 1118 in
386 1088 508 1134 puteo
546 1077 681 1120 altiore
721 1079 1044 1134 praeponderabit
1082 1079 1203 1123 fluido
1243 1080 1285 1121 in
1315 1089 1438 1136 puteo

113 1140 328 1183 humiliori.

571 1197 852 1262 Definitio
899 1223 966 1281 4.

262 1299 298 1348 ξ.
333 1308 374 1349 7.
410 1295 621 1341 cuniculus
654 1301 706 1342 est
737 1298 831 1342 fofl‘a
860 1301 1112 1344 horizontalis
1152 1301 1185 1344 F
1204 1299 1244 1346 G
1284 1301 1351 1343 vel
1391 1301 1433 1343 Η
1466 1274 1496 1304 a

110 1360 148 1402 i(
170 1395 180 1414 ,
215 1364 319 1403 cuius
351 1374 525 1418 apertura
559 1374 665 1418 patet
697 1366 745 1412 in-
772 1376 880 1421 parte
911 1368 1056 1409 montis
1086 1367 1216 1407 decliri
1244 1400 1255 1420 ‚
1290 1367 1433 1421 superi-

110 1436 159 1465 or
193 1425 272 1468 FG
305 1428 443 1469 dicitur
460 1462 471 1481 ,
505 1441 601 1482 quae
635 1431 782 1471 montis
815 1441 967 1484 partem
999 1432 1203 1473 editiorem
1235 1441 1398 1487 occupat
1417 1463 1430 1486 ‚

111 1488 267 1532 inferior
297 1492 336 1533 H
355 1492 390 1534 K
411 1524 422 1544 ,
454 1505 551 1548 quae
583 1492 849 1535 humiliorem.

583 1564 866 1626 Definitio
915 1588 963 1644 5.

257 1653 292 1701 (5.
332 1659 370 1696 8.
409 1654 542 1696 Puteus
574 1655 792 1697 interjectus
823 1655 861 1700 G
881 1658 914 1699 K
950 1659 1024 1711 est,
1057 1659 1121 1712 qui
1137 1659 1352 1700 cuniculum
1370 1659 1428 1700 su=

111 1716 304 1770 periorem
339 1718 369 1758 F
388 1718 428 1762 G
461 1731 550 1761 cum
582 1720 762 1762 cuniculo
802 1723 978 1764 inferiore
1017 1724 1056 1765 H
1081 1724 1118 1765 K
1159 1724 1333 1778 coniugit
1364 1723 1425 1764 seii

111 1790 383 1821 communicat.

576 1840 973 1906 CoroiIarium.

256 1936 289 1985 §.
313 1949 352 1986 9.
375 1935 476 1978 Cum
494 1940 610 1979 etiam
637 1938 764 1981 fodina
782 1943 932 1986 FGKH
958 1945 1066 1986 tubos
1093 1945 1424 1987 communicantes

109 1999 402 2041 horizontziliter
435 2002 641 2042 inclinatos
661 2007 914 2058 repraesentet
933 2042 941 2059 ,
977 2011 1228 2063 quamobrem
1246 2011 1345 2050 circa
1363 2022 1427 2050 ae-

108 2063 328 2118 qufiibrium
359 2076 566 2120 corporum
600 2067 810 2110 fluidorum
830 2072 984 2114 illorum
1010 2073 1146 2116 officio
1160 2072 1265 2127 fungi
1283 2073 1423 2127 potest.

717 2132 753 2173 L
772 2134 786 2175 l
806 2145 830 2184 3
1289 2136 1429 2191 Expe-

1546 1281 1588 1307 20
