1820 2506
719 123 751 186 J(
787 136 842 179 :³5
884 124 914 185 )(

162 231 268 273 elem
309 236 487 280 conicam
521 238 726 294 quaesitam
744 275 755 296 ‚
795 242 856 284 sed
890 255 988 299 quae
1022 250 1131 286 antea
1170 246 1355 302 portione
1394 264 1484 307 qua-

162 296 251 339 dam
287 303 407 343 minui
441 304 587 345 debeat.

207 436 214 442 .
279 374 418 432 Sicque
463 376 742 423 Celeberrimus
783 381 920 424 austor
960 384 1289 427 construetionem
1331 388 1487 430 Leibni.=

162 441 329 480 tzxanam
372 444 612 485 emendatam
632 478 642 498 ,
678 445 726 486 ad
758 458 878 487 conos
898 478 908 498 2
940 461 1108 502 quorum
1146 450 1246 491 bases
1278 452 1360 492 sunt
1389 452 1487 507 figu‹

160 509 225 539 rae
242 516 485 562 quaecunque
497 540 508 560 ,
527 510 720 561 extendit,
740 523 904 565 eamque
920 512 1084 554 redd1dit
1117 515 1479 558 vniuerssdiss‘imam¹

186 677 230 716 L.
256 675 435 714 EVLERI
467 675 824 763 ΤΗΕΟΗΕΜΙΞΊὸῗ)
832 677 995 764 νΕΒῙἸΚΟΑ
1021 678 1277 719 DIVISORES
1301 682 1457 722 ΝἜῙΜΕἓ

159 829 447 950 Βοᾶἰίΐιῐηει
490 840 587 880 haec
629 837 840 881 dissertatio
880 841 934 881 ita
974 851 1198 896 comparata
1230 843 1314 896 est,
1349 852 1395 885 vt
1434 844 1481 885 ab

292 905 426 945 harum
465 917 591 945 rerum
636 904 929 957 intelligentibus
977 904 1055 958 legi
1097 915 1277 960 oporteat
1294 939 1305 959 ,
1347 907 1481 961 quibus

156 971 273 1023 proin
307 969 432 1009 ieiuna
464 969 650 1023 quaedam
684 969 849 1009 recenfio
883 981 1018 1022 parum
1039 1001 1050 1020 ‚
1093 970 1229 1010 ceteris
1261 980 1391 1011 autern
1424 972 1479 1012 le·

155 1034 323 1074 &oribus
372 1033 468 1073 nihil
522 1034 726 1073 commodi
777 1032 974 1073 allaturam
1025 1029 1105 1072 esse
1145 1033 1304 1088 persuasi
1337 1035 1476 1076 sumus.

155 1096 340 1137 Introitus
382 1105 513 1137 autem
555 1097 626 1136 viri
663 1095 908 1137 Celeberrimi
952 1097 992 1138 in
1027 1095 1124 1137 hanc
1172 1097 1478 1140 dissertationem

157 1171 323 1201 meretur
342 1194 352 1213 ,
394 1170 439 1200 vt
470 1160 535 1200 hic
585 1162 623 1200 in
675 1160 924 1214 conspectum
975 1161 1220 1215 producatur.
1289 1160 1446 1204 Scilicet
1465 1196 1476 1216 ,

155 1225 325 1265 summos
357 1226 503 1277 semper
536 1223 765 1265 Geometras
797 1223 994 1277 agnouisse
1026 1222 1150 1264 asserit
1168 1258 1179 1275 ‚
1223 1226 1403 1280 plurimas
1436 1228 1477 1267 in

156 1298 287 1328 natura
333 1300 585 1328 numerorum
636 1287 946 1340 praeclarissimas
996 1287 1225 1328 absconditas
1276 1288 1351 1330 esse
1383 1303 1477 1344 pro·

156 1353 334 1405 prietates
352 1383 363 1402 ,
412 1363 568 1403 quarum
609 1352 782 1403 cognitio
826 1350 920 1390 fines
961 1350 1175 1391 matheseos
1207 1364 1287 1392 non
1321 1354 1477 1395 medio-

156 1415 274 1455 criter
313 1411 403 1453 esset
443 1413 722 1467 amplificatum
740 1447 751 1466 ,
786 1414 931 1454 tametfi
965 1415 1010 1453 iis
1028 1446 1040 1465 ,
1073 1415 1138 1468 qui
1169 1427 1233 1455 eas
1257 1416 1303 1456 ad
1335 1416 1475 1458 Arith-

154 1480 315 1520 metices
347 1477 537 1518 elementa
568 1477 751 1530 reserant,
785 1478 893 1517 aliter
927 1477 1051 1518 visum
1085 1491 1158 1518 nec
1190 1480 1381 1521 creditum
1398 1481 1442 1522 fit
1462 1514 1473 1535 ,

151 1544 198 1583 iis
238 1543 376 1598 aliquid
427 1540 542 1582 inesse
561 1576 571 1594 ,
605 1543 708 1596 quod
743 1542 863 1582 vllam
894 1541 1132 1594 sagacitatem
1165 1552 1231 1583 aut
1262 1545 1349 1584 vim
1385 1556 1471 1586 ana-

147 1606 257 1647 liseos
303 1607 479 1660 requirat.
547 1607 623 1647 Hic
672 1606 907 1648 Fermatium
929 1638 940 1657 ,
996 1605 1179 1658 insignem
1213 1603 1472 1650 Geometram

154 1670 289 1712 testem
340 1671 519 1723 adducit,
562 1671 627 1725 qui
668 1670 884 1723 diligentius
924 1669 962 1707 in
995 1669 1073 1709 hoc
1105 1683 1242 1723 genere
1275 1673 1470 1727 versatus,

152 1735 319 1790 plurima
353 1735 571 1775 huiusmodi
603 1734 840 1774 theoremata
874 1733 1058 1787 produxit
1077 1766 1087 1785 ,
1127 1748 1290 1788 quorum
1330 1737 1470 1779 veritas

154 1800 277 1840 euieta
311 1799 465 1839 videtur
484 1832 495 1851 ,
527 1800 700 1852 quamuis
740 1799 815 1838 eius
846 1797 959 1837 lateat
992 1798 1277 1839 demonstratio.

269 1882 406 1938 Sicque
438 1882 572 1935 xtique
605 1883 857 1923 attentionem
891 1889 1077 1931 meretur,
1112 1892 1207 1934 quae
1237 1892 1357 1933 porro
1374 1893 1468 1933 pro-

153 1948 267 2002 ponit
299 1949 334 1987 in
368 1946 528 1987 mathesi
559 1960 681 2000 pura,
716 1947 753 1985 in
789 1944 1052 1985 Arithmetica
1094 1943 1261 1995 scilicet,
1297 1956 1392 1997 quae
1411 1955 1468 1986 ta-

155 2025 249 2052 men
282 2024 372 2066 prae
403 2011 555 2068 reliquis
585 2009 796 2054 matheseos
835 2009 1000 2063 partibus
1033 2008 1207 2048 maxime
1239 2008 1467 2062 pertractata

769 2085 790 2114 e
826 2086 850 2114 2
1423 2082 1463 2113 et
