1820 2506
338 177 428 225 256
805 167 1174 214 DiSSERTATro

337 290 459 332 maius
489 286 653 342 spatium
685 285 856 340 expandi
887 293 1107 340 conantum,
1150 293 1192 325 et
1231 297 1321 326 cum
1362 299 1553 341 pororum
1593 301 1660 329 an-

339 354 474 409 gustias
515 351 611 392 serre
657 359 846 404 nequeant
865 383 875 403 ‚
916 351 1067 389 exitum
1109 359 1327 403 quaerunt3
1371 352 1435 404 qui
1472 354 1659 406 quoniam

338 416 619 460 succedentibus
652 415 748 455 acidi
781 413 1017 467 corpusculis
1048 411 1214 454 obseffus
1251 423 1290 454 et
1329 413 1537 457 obstructus
1577 416 1630 456 est
1648 450 1661 470 ,
1723 455 1727 458 .

340 482 532 523 obstantes
564 480 681 532 igitur
712 478 779 519 fibi
811 477 1013 531 particulas
1054 478 1202 519 metalli
1243 479 1475 532 abrumpunt
1513 490 1552 520 et
1593 494 1662 534 per

341 547 515 600 spiritum
557 544 720 583 vibrant.
795 542 864 582 Ex
902 555 981 596 quo
1022 552 1129 595 patet
1148 576 1160 596 ,
1204 542 1474 596 particularum
1515 543 1664 596 spiritus

341 611 439 651 acidi
471 609 511 648 in
544 606 727 647 soluendo
761 605 937 647 officium
971 604 1048 646 effe
1064 639 1076 658 ,
1117 607 1311 660 particulas
1351 607 1447 646 aeris
1471 608 1511 646 in
1546 620 1665 660 poros

343 673 486 716 metalli
526 670 708 712 inuehere
727 703 738 723 ,
779 671 875 711 aeris
917 683 1013 711 vero
1039 703 1050 723 ‚
1100 680 1235 714 renato
1276 670 1416 710 elatere
1464 671 1667 725 particulas

343 737 488 780 metalli
529 734 701 775 auellere.
1236 770 1240 775 .

485 800 519 848 §.
560 805 631 841 28.
674 799 740 840 Ad
777 798 878 840 hanc
919 798 1109 839 theoriam
1151 800 1448 841 examinandam
1488 808 1530 840 et
1571 813 1668 840 con-

344 865 572 907 firmandam
615 864 806 918 sequentia
854 864 1123 917 experimenta
1157 863 1323 903 1nstituta
1362 864 1457 904 sunt.
1532 864 1671 918 Aquae

344 931 452 970 fortis
486 926 684 968 drachmas
717 928 885 980 quinque
920 930 1025 967 vitro
1059 927 1271 978 cylindrico
1289 925 1409 968 infudi
1430 961 1441 980 ,
1474 937 1586 982 atque
1605 927 1671 969 sub

347 1004 534 1046 campana
574 992 712 1031 antliae
754 992 1021 1045 pneumaticae
1052 991 1241 1031 constitui.
1296 991 1462 1045 Aliquot
1496 994 1670 1046 agitatio-

348 1058 457 1099 nibus
491 1054 639 1095 emboli
680 1068 766 1095 aere
810 1055 1007 1095 exantlato
1027 1088 1038 1107 ,
1072 1055 1268 1113 surgebant
1299 1055 1423 1095 bullae
1455 1069 1584 1096 aereae
1616 1068 1670 1097 ex

351 1134 446 1175 aqua
478 1119 568 1158 forti
598 1131 794 1170 vtcunque
823 1118 1039 1170 frequentes
1057 1149 1068 1167 ‚
1103 1128 1236 1173 tamen
1255 1120 1447 1172 exiguae3
1484 1120 1570 1172 post
1596 1119 1671 1160 ho-

350 1197 414 1226 rae
456 1180 705 1237 quadrantem
725 1213 736 1233 ‚
778 1181 1015 1221 menstruum
1056 1179 1219 1234 exposui
1259 1181 1336 1219 aeri
1369 1180 1492 1221 libero
1512 1214 1523 1233 ,
1563 1183 1674 1235 eique

351 1245 599 1290 nummulum
634 1258 820 1298 cupreum
839 1278 850 1297 ,
884 1245 952 1300 qui
986 1244 1208 1284 nostratibus
1238 1242 1380 1298 Denga
1396 1245 1536 1285 dicitur
1554 1278 1564 1298 ,
1597 1239 1671 1287 irn-

350 1311 452 1355 mifi.
513 1309 603 1350 Post
640 1321 695 1347 20
730 1309 881 1350 minuta
914 1309 1043 1362 prima
1063 1340 1074 1361 ,
1107 1308 1218 1349 affusa
1250 1321 1345 1362 aqua
1378 1308 1535 1363 copiosa
1559 1323 1671 1352 num-

352 1376 506 1419 mulum
538 1388 559 1415 a
593 1373 761 1414 sordibus
798 1383 836 1413 et
869 1372 1097 1413 adhaerente
1130 1372 1296 1413 humore
1337 1372 1539 1414 liberatum
1574 1387 1675 1428 pon-

354 1441 481 1482 deraui
501 1472 512 1492 ,
546 1450 625 1492 quo
659 1438 830 1478 constitit
864 1449 952 1477 eum
996 1446 1056 1487 74
1096 1449 1211 1490 grana
1252 1435 1423 1477 amififfe.
1490 1437 1673 1492 Denique

353 1505 514 1546 alterum
546 1514 734 1555 cupreum
775 1503 1024 1541 nummulum
1042 1534 1053 1552 ,
1094 1502 1216 1554 priori
1255 1502 1451 1554 aequalem
1492 1512 1531 1542 et
1570 1502 1675 1543 fimi-

355 1570 432 1609 lem
453 1601 463 1620 ‚
495 1566 665 1606 eiusdem
699 1577 815 1618 aquae
847 1563 954 1603 fortis
987 1563 1178 1604 drachmis
1216 1575 1236 1612 5
1261 1597 1272 1616 ,
1306 1565 1368 1604 sed
1408 1578 1460 1605 ex
1501 1579 1572 1619 qua
1611 1578 1673 1605 aet

357 1645 439 1673 non
471 1640 552 1670 erat
582 1628 780 1669 subductus
800 1661 810 1680 ,
842 1628 882 1667 in
915 1628 1056 1668 eodem
1089 1627 1243 1667 vasculo
1276 1627 1499 1669 immersum
1516 1628 1671 1669 solutio-

357 1697 399 1737 ni
432 1693 594 1748 exposui
623 1694 764 1733 eodem
795 1693 836 1731 in
866 1691 970 1731 loco.
1037 1691 1126 1731 Post
1161 1703 1216 1730 20
1252 1693 1400 1732 minuta
1417 1694 1542 1746 prima
1561 1706 1674 1733 num-

360 1760 484 1802 mulus
522 1765 574 1805 85
614 1758 735 1811 granis
768 1756 890 1796 leuior
921 1754 1037 1796 ffic'tus
1067 1756 1132 1796 est.
1201 1755 1267 1796 Ex
1308 1755 1385 1795 hoc
1423 1758 1673 1809 experimen-

361 1834 406 1865 to
448 1822 571 1862 elucet
589 1854 600 1873 ,
643 1822 795 1861 acidum
836 1818 1007 1873 spiritum
1045 1819 1178 1860 fortius
1211 1821 1251 1859 in
1284 1818 1439 1859 metalla
1472 1833 1582 1873 agere
1602 1854 1612 1873 ,
1647 1821 1675 1862 fi

362 1889 510 1930 maiore
551 1886 664 1939 copia
702 1887 795 1925 aeris
835 1881 1065 1924 disseminati
1106 1882 1217 1924 fuerit
1258 1883 1445 1937 praeditus
1472 1916 1482 1935 ,
1536 1884 1676 1926 scilicet

362 1951 551 2006 quaelibet
590 1962 707 2003 aquae
746 1948 851 1988 fortis
897 1948 1138 2001 portiuncula
1185 1949 1375 1988 maiorem
1423 1950 1673 2001 quantitatem

363 2017 456 2055 aeris
486 2015 611 2055 secum
647 2015 684 2053 in
719 2025 835 2065 poros
864 2012 1010 2053 metalli
1043 2011 1219 2062 inuehit,
1255 2013 1312 2051 vis
1344 2011 1489 2052 elastica
1522 2013 1675 2054 celerius

363 2079 562 2120 renascitur
580 2110 591 2130 ‚
624 2077 850 2130 frequentius
881 2075 1030 2117 frustula
1062 2075 1212 2116 metalli
1243 2076 1448 2132 abrumpit.

1524 2141 1559 2190 §.
1600 2154 1666 2192 29.
