<?xml version="1.0" encoding="UTF-8"?>
<!DOCTYPE html PUBLIC "-//W3C//DTD XHTML 1.0 Transitional//EN"
    "http://www.w3.org/TR/xhtml1/DTD/xhtml1-transitional.dtd">
<html xmlns="http://www.w3.org/1999/xhtml" xml:lang="en" lang="en">
 <head>
  <title>
</title>
<meta http-equiv="Content-Type" content="text/html;charset=utf-8" />
  <meta name='ocr-system' content='tesseract 3.04.00' />
  <meta name='ocr-capabilities' content='ocr_page ocr_carea ocr_par ocr_line ocrx_word'/>
</head>
<body>
  <div class='ocr_page' id='page_1' title='image "./novicommentariac01impe_0275.png"; bbox 0 0 1820 2506; ppageno 0'>
   <div class='ocr_carea' id='block_1_1' title="bbox 108 176 1422 243">
    <p class='ocr_par' dir='ltr' id='par_1_1' title="bbox 108 176 1422 243">
     <span class='ocr_line' id='line_1_1' title="bbox 108 176 1422 243; baseline -0.004 -15"><span class='ocrx_word' id='word_1_1' title='bbox 108 177 607 243; x_wconf 66' lang='lat' dir='ltr'><em>SECVNDJMQVAM</em></span> <span class='ocrx_word' id='word_1_2' title='bbox 624 176 813 227; x_wconf 76' lang='lat' dir='ltr'><strong><em>CALOR</em></strong></span> <span class='ocrx_word' id='word_1_3' title='bbox 833 180 1029 227; x_wconf 82' lang='lat' dir='ltr'><em>FLVIDI</em></span> <span class='ocrx_word' id='word_1_4' title='bbox 1041 181 1105 226; x_wconf 85' lang='lat' dir='ltr'><strong>IN</strong></span> <span class='ocrx_word' id='word_1_5' title='bbox 1124 180 1422 234; x_wconf 65' lang='lat' dir='ltr'><em>VAS&amp;c.177</em></span> 
     </span>
    </p>
   </div>
   <div class='ocr_carea' id='block_1_2' title="bbox 109 299 1439 1120">
    <p class='ocr_par' dir='ltr' id='par_1_2' title="bbox 109 299 1439 1120">
     <span class='ocr_line' id='line_1_2' title="bbox 109 299 1425 356; baseline -0.002 -14"><span class='ocrx_word' id='word_1_6' title='bbox 109 303 232 356; x_wconf 86' lang='lat' dir='ltr'><strong>prim:</strong></span> <span class='ocrx_word' id='word_1_7' title='bbox 254 314 324 356; x_wconf 90' lang='lat' dir='ltr'><strong>per</strong></span> <span class='ocrx_word' id='word_1_8' title='bbox 340 301 559 356; x_wconf 91' lang='lat' dir='ltr'><strong>quindecim</strong></span> <span class='ocrx_word' id='word_1_9' title='bbox 569 302 703 356; x_wconf 88' lang='lat' dir='ltr'><strong>gradus</strong></span> <span class='ocrx_word' id='word_1_10' title='bbox 719 310 916 353; x_wconf 80' lang='lat' dir='ltr'><strong>mouetur,</strong></span> <span class='ocrx_word' id='word_1_11' title='bbox 934 299 1147 343; x_wconf 83' lang='lat' dir='ltr'><strong>differentia</strong></span> <span class='ocrx_word' id='word_1_12' title='bbox 1165 302 1264 343; x_wconf 70' lang='lat' dir='ltr'><strong>dieta</strong></span> <span class='ocrx_word' id='word_1_13' title='bbox 1282 302 1334 342; x_wconf 93' lang='lat' dir='ltr'><strong>est</strong></span> <span class='ocrx_word' id='word_1_14' title='bbox 1351 302 1425 341; x_wconf 92' lang='lat' dir='ltr'><strong>ini-</strong></span> 
     </span>
     <span class='ocr_line' id='line_1_3' title="bbox 111 365 1425 420; baseline -0.002 -14"><span class='ocrx_word' id='word_1_15' title='bbox 111 367 169 406; x_wconf 90' lang='lat' dir='ltr'><strong>tio</strong></span> <span class='ocrx_word' id='word_1_16' title='bbox 192 372 261 408; x_wconf 88' lang='lat'><strong>28.</strong></span> <span class='ocrx_word' id='word_1_17' title='bbox 283 378 338 419; x_wconf 85' lang='lat' dir='ltr'><strong>gr.</strong></span> <span class='ocrx_word' id='word_1_18' title='bbox 360 366 387 407; x_wconf 81' lang='lat' dir='ltr'><strong>si</strong></span> <span class='ocrx_word' id='word_1_19' title='bbox 406 378 475 418; x_wconf 93' lang='lat' dir='ltr'><strong>per</strong></span> <span class='ocrx_word' id='word_1_20' title='bbox 491 369 517 403; x_wconf 94' lang='lat'><strong>6</strong></span> <span class='ocrx_word' id='word_1_21' title='bbox 538 366 671 419; x_wconf 85' lang='lat' dir='ltr'><strong>gradus</strong></span> <span class='ocrx_word' id='word_1_22' title='bbox 690 399 700 418; x_wconf 90' lang='lat'>,</span> <span class='ocrx_word' id='word_1_23' title='bbox 732 365 796 406; x_wconf 86' lang='lat' dir='ltr'><strong>illa</strong></span> <span class='ocrx_word' id='word_1_24' title='bbox 820 365 872 407; x_wconf 92' lang='lat' dir='ltr'><strong>est</strong></span> <span class='ocrx_word' id='word_1_25' title='bbox 894 376 944 413; x_wconf 88' lang='lat'><strong>13</strong></span> <span class='ocrx_word' id='word_1_26' title='bbox 967 379 1023 420; x_wconf 87' lang='lat' dir='ltr'><strong>gr.</strong></span> <span class='ocrx_word' id='word_1_27' title='bbox 1044 366 1072 408; x_wconf 89' lang='lat' dir='ltr'>fi</span> <span class='ocrx_word' id='word_1_28' title='bbox 1090 367 1230 407; x_wconf 91' lang='lat' dir='ltr'><strong>eodem</strong></span> <span class='ocrx_word' id='word_1_29' title='bbox 1248 376 1425 420; x_wconf 87' lang='lat' dir='ltr'><strong>tempore</strong></span> 
     </span>
     <span class='ocr_line' id='line_1_4' title="bbox 110 429 1342 484; baseline -0.002 -13"><span class='ocrx_word' id='word_1_30' title='bbox 110 442 182 484; x_wconf 87' lang='lat' dir='ltr'><strong>per</strong></span> <span class='ocrx_word' id='word_1_31' title='bbox 197 444 238 480; x_wconf 90' lang='lat'><strong>4.</strong></span> <span class='ocrx_word' id='word_1_32' title='bbox 250 442 305 482; x_wconf 85' lang='lat' dir='ltr'><strong>gr.</strong></span> <span class='ocrx_word' id='word_1_33' title='bbox 334 429 399 470; x_wconf 84' lang='lat' dir='ltr'><strong>illa</strong></span> <span class='ocrx_word' id='word_1_34' title='bbox 414 429 467 469; x_wconf 91' lang='lat' dir='ltr'><strong>est</strong></span> <span class='ocrx_word' id='word_1_35' title='bbox 486 439 527 478; x_wconf 92' lang='lat'><strong>7.</strong></span> <span class='ocrx_word' id='word_1_36' title='bbox 547 430 751 483; x_wconf 85' lang='lat' dir='ltr'><strong>graduum,</strong></span> <span class='ocrx_word' id='word_1_37' title='bbox 767 429 793 469; x_wconf 85' lang='lat' dir='ltr'>fi</span> <span class='ocrx_word' id='word_1_38' title='bbox 810 442 879 483; x_wconf 91' lang='lat' dir='ltr'><strong>per</strong></span> <span class='ocrx_word' id='word_1_39' title='bbox 900 436 941 478; x_wconf 61' lang='grc' dir='ltr'><strong>εξ</strong></span> <span class='ocrx_word' id='word_1_40' title='bbox 960 463 970 482; x_wconf 85' lang='lat'>,</span> <span class='ocrx_word' id='word_1_41' title='bbox 1004 432 1118 471; x_wconf 89' lang='lat' dir='ltr'><strong>trium</strong></span> <span class='ocrx_word' id='word_1_42' title='bbox 1149 430 1342 483; x_wconf 87' lang='lat' dir='ltr'><strong>graduum.</strong></span> 
     </span>
     <span class='ocr_line' id='line_1_5' title="bbox 226 493 1429 547; baseline 0 -13"><span class='ocrx_word' id='word_1_43' title='bbox 226 493 352 534; x_wconf 88' lang='lat' dir='ltr'>Potest</span> <span class='ocrx_word' id='word_1_44' title='bbox 389 494 506 535; x_wconf 87' lang='lat' dir='ltr'><strong>etiam</strong></span> <span class='ocrx_word' id='word_1_45' title='bbox 540 494 745 547; x_wconf 84' lang='lat' dir='ltr'><strong>temperies</strong></span> <span class='ocrx_word' id='word_1_46' title='bbox 762 494 855 534; x_wconf 82' lang='lat' dir='ltr'><strong>aeris</strong></span> <span class='ocrx_word' id='word_1_47' title='bbox 871 493 1018 547; x_wconf 87' lang='lat' dir='ltr'><strong>semper</strong></span> <span class='ocrx_word' id='word_1_48' title='bbox 1050 493 1200 535; x_wconf 90' lang='lat' dir='ltr'><strong>differre</strong></span> <span class='ocrx_word' id='word_1_49' title='bbox 1234 507 1256 534; x_wconf 86' lang='lat' dir='ltr'><strong>a</strong></span> <span class='ocrx_word' id='word_1_50' title='bbox 1274 503 1429 547; x_wconf 87' lang='lat' dir='ltr'><strong>tempe·</strong></span> 
     </span>
     <span class='ocr_line' id='line_1_6' title="bbox 110 557 1430 612; baseline 0 -14"><span class='ocrx_word' id='word_1_51' title='bbox 110 558 167 598; x_wconf 90' lang='lat' dir='ltr'><strong>rie</strong></span> <span class='ocrx_word' id='word_1_52' title='bbox 198 558 390 598; x_wconf 85' lang='lat' dir='ltr'><strong>mercurii.</strong></span> <span class='ocrx_word' id='word_1_53' title='bbox 425 557 532 597; x_wconf 86' lang='lat' dir='ltr'><strong>Pone</strong></span> <span class='ocrx_word' id='word_1_54' title='bbox 562 559 791 611; x_wconf 84' lang='lat' dir='ltr'><strong>temperiem</strong></span> <span class='ocrx_word' id='word_1_55' title='bbox 823 559 1004 598; x_wconf 88' lang='lat' dir='ltr'><strong>mercurii</strong></span> <span class='ocrx_word' id='word_1_56' title='bbox 1039 569 1093 608; x_wconf 84' lang='lat'><strong>25</strong></span> <span class='ocrx_word' id='word_1_57' title='bbox 1130 571 1185 612; x_wconf 88' lang='lat' dir='ltr'><strong>gr.</strong></span> <span class='ocrx_word' id='word_1_58' title='bbox 1221 567 1262 598; x_wconf 90' lang='lat' dir='ltr'><strong>et</strong></span> <span class='ocrx_word' id='word_1_59' title='bbox 1301 569 1430 598; x_wconf 85' lang='lat' dir='ltr'><strong>aerem</strong></span> 
     </span>
     <span class='ocr_line' id='line_1_7' title="bbox 111 620 1430 675; baseline 0.001 -14"><span class='ocrx_word' id='word_1_60' title='bbox 111 622 233 661; x_wconf 85' lang='lat' dir='ltr'><strong>etiam</strong></span> <span class='ocrx_word' id='word_1_61' title='bbox 265 621 466 674; x_wconf 86' lang='lat' dir='ltr'><strong>temperiei</strong></span> <span class='ocrx_word' id='word_1_62' title='bbox 511 630 565 668; x_wconf 81' lang='lat'><strong>25</strong></span> <span class='ocrx_word' id='word_1_63' title='bbox 610 620 827 674; x_wconf 76' lang='lat' dir='ltr'><strong>graduumz,</strong></span> <span class='ocrx_word' id='word_1_64' title='bbox 873 634 978 675; x_wconf 90' lang='lat' dir='ltr'><strong>pone</strong></span> <span class='ocrx_word' id='word_1_65' title='bbox 1019 623 1159 662; x_wconf 86' lang='lat' dir='ltr'><strong>mutari</strong></span> <span class='ocrx_word' id='word_1_66' title='bbox 1195 623 1430 675; x_wconf 89' lang='lat' dir='ltr'><strong>temperiem</strong></span> 
     </span>
     <span class='ocr_line' id='line_1_8' title="bbox 112 683 1432 738; baseline 0.002 -14"><span class='ocrx_word' id='word_1_67' title='bbox 112 687 205 725; x_wconf 85' lang='lat' dir='ltr'><strong>aeris</strong></span> <span class='ocrx_word' id='word_1_68' title='bbox 238 693 279 725; x_wconf 89' lang='lat' dir='ltr'><strong>et</strong></span> <span class='ocrx_word' id='word_1_69' title='bbox 309 683 392 727; x_wconf 84' lang='lat' dir='ltr'><strong>fieri</strong></span> <span class='ocrx_word' id='word_1_70' title='bbox 423 687 495 731; x_wconf 88' lang='lat'><strong>67.</strong></span> <span class='ocrx_word' id='word_1_71' title='bbox 533 696 589 736; x_wconf 87' lang='lat' dir='ltr'><strong>gr.</strong></span> <span class='ocrx_word' id='word_1_72' title='bbox 627 685 835 724; x_wconf 88' lang='lat' dir='ltr'><strong>mercurius</strong></span> <span class='ocrx_word' id='word_1_73' title='bbox 868 685 1028 738; x_wconf 88' lang='lat' dir='ltr'><strong>incipiet</strong></span> <span class='ocrx_word' id='word_1_74' title='bbox 1060 685 1259 726; x_wconf 81' lang='lat' dir='ltr'><strong>ascendere</strong></span> <span class='ocrx_word' id='word_1_75' title='bbox 1294 694 1335 726; x_wconf 91' lang='lat' dir='ltr'><strong>et</strong></span> <span class='ocrx_word' id='word_1_76' title='bbox 1352 686 1432 727; x_wconf 89' lang='lat' dir='ltr'><strong>mi-</strong></span> 
     </span>
     <span class='ocr_line' id='line_1_9' title="bbox 113 748 1432 804; baseline 0 -16"><span class='ocrx_word' id='word_1_77' title='bbox 113 757 210 788; x_wconf 91' lang='lat' dir='ltr'><strong>nuto</strong></span> <span class='ocrx_word' id='word_1_78' title='bbox 253 749 384 801; x_wconf 89' lang='lat' dir='ltr'><strong>primo</strong></span> <span class='ocrx_word' id='word_1_79' title='bbox 426 748 615 800; x_wconf 85' lang='lat' dir='ltr'><strong>temporis</strong></span> <span class='ocrx_word' id='word_1_80' title='bbox 654 748 828 788; x_wconf 90' lang='lat' dir='ltr'><strong>nondum</strong></span> <span class='ocrx_word' id='word_1_81' title='bbox 868 748 1037 789; x_wconf 89' lang='lat' dir='ltr'><strong>absoluet</strong></span> <span class='ocrx_word' id='word_1_82' title='bbox 1078 750 1244 804; x_wconf 90' lang='lat' dir='ltr'><strong>quinque</strong></span> <span class='ocrx_word' id='word_1_83' title='bbox 1282 749 1432 804; x_wconf 88' lang='lat' dir='ltr'><strong>gradus.</strong></span> 
     </span>
     <span class='ocr_line' id='line_1_10' title="bbox 113 811 1431 867; baseline -0.001 -14"><span class='ocrx_word' id='word_1_84' title='bbox 113 811 220 853; x_wconf 81' lang='lat' dir='ltr'><strong>Pone</strong></span> <span class='ocrx_word' id='word_1_85' title='bbox 260 812 400 851; x_wconf 82' lang='lat' dir='ltr'><strong>mutari</strong></span> <span class='ocrx_word' id='word_1_86' title='bbox 434 812 573 851; x_wconf 87' lang='lat' dir='ltr'><strong>iterum</strong></span> <span class='ocrx_word' id='word_1_87' title='bbox 608 812 702 852; x_wconf 86' lang='lat' dir='ltr'><strong>aeris</strong></span> <span class='ocrx_word' id='word_1_88' title='bbox 735 813 967 866; x_wconf 86' lang='lat' dir='ltr'><strong>temperiem</strong></span> <span class='ocrx_word' id='word_1_89' title='bbox 987 845 997 864; x_wconf 86' lang='lat'>,</span> <span class='ocrx_word' id='word_1_90' title='bbox 1029 822 1074 852; x_wconf 83' lang='lat' dir='ltr'><strong>vt</strong></span> <span class='ocrx_word' id='word_1_91' title='bbox 1105 813 1172 854; x_wconf 86' lang='lat' dir='ltr'><strong>fiat</strong></span> <span class='ocrx_word' id='word_1_92' title='bbox 1205 826 1284 853; x_wconf 88' lang='lat'><strong>0—</strong></span> <span class='ocrx_word' id='word_1_93' title='bbox 1300 826 1352 852; x_wconf 86' lang='lat'><strong>12</strong></span> <span class='ocrx_word' id='word_1_94' title='bbox 1373 825 1431 867; x_wconf 85' lang='lat' dir='ltr'><strong>gr.</strong></span> 
     </span>
     <span class='ocr_line' id='line_1_11' title="bbox 115 874 1436 930; baseline -0.002 -13"><span class='ocrx_word' id='word_1_95' title='bbox 115 875 317 917; x_wconf 88' lang='lat' dir='ltr'><strong>descendet</strong></span> <span class='ocrx_word' id='word_1_96' title='bbox 349 875 491 916; x_wconf 90' lang='lat' dir='ltr'><strong>iterum</strong></span> <span class='ocrx_word' id='word_1_97' title='bbox 522 876 728 916; x_wconf 88' lang='lat' dir='ltr'><strong>mercurius</strong></span> <span class='ocrx_word' id='word_1_98' title='bbox 761 876 906 929; x_wconf 85' lang='lat' dir='ltr'><strong>aequali</strong></span> <span class='ocrx_word' id='word_1_99' title='bbox 938 876 1132 916; x_wconf 84' lang='lat' dir='ltr'><strong>celeritate</strong></span> <span class='ocrx_word' id='word_1_100' title='bbox 1171 874 1287 930; x_wconf 82' lang='lat'>(§4);</span> <span class='ocrx_word' id='word_1_101' title='bbox 1329 888 1436 930; x_wconf 91' lang='lat' dir='ltr'><strong>pone</strong></span> 
     </span>
     <span class='ocr_line' id='line_1_12' title="bbox 118 938 1436 992; baseline -0.002 -12"><span class='ocrx_word' id='word_1_102' title='bbox 118 939 237 980; x_wconf 86' lang='lat' dir='ltr'><strong>rursus</strong></span> <span class='ocrx_word' id='word_1_103' title='bbox 268 939 496 992; x_wconf 89' lang='lat' dir='ltr'><strong>temperiem</strong></span> <span class='ocrx_word' id='word_1_104' title='bbox 530 939 626 980; x_wconf 89' lang='lat' dir='ltr'><strong>aeris</strong></span> <span class='ocrx_word' id='word_1_105' title='bbox 657 939 774 978; x_wconf 89' lang='lat' dir='ltr'><strong>tertio</strong></span> <span class='ocrx_word' id='word_1_106' title='bbox 807 940 960 978; x_wconf 91' lang='lat' dir='ltr'><strong>minuto</strong></span> <span class='ocrx_word' id='word_1_107' title='bbox 991 940 1122 992; x_wconf 89' lang='lat' dir='ltr'><strong>primo</strong></span> <span class='ocrx_word' id='word_1_108' title='bbox 1155 940 1296 980; x_wconf 88' lang='lat' dir='ltr'><strong>mutari</strong></span> <span class='ocrx_word' id='word_1_109' title='bbox 1331 948 1371 980; x_wconf 89' lang='lat' dir='ltr'><strong>et</strong></span> <span class='ocrx_word' id='word_1_110' title='bbox 1388 938 1436 978; x_wconf 81' lang='lat' dir='ltr'><strong>fi-</strong></span> 
     </span>
     <span class='ocr_line' id='line_1_13' title="bbox 113 1002 1439 1055; baseline 0 -12"><span class='ocrx_word' id='word_1_111' title='bbox 113 1003 171 1043; x_wconf 89' lang='lat' dir='ltr'><strong>eri</strong></span> <span class='ocrx_word' id='word_1_112' title='bbox 211 1006 283 1051; x_wconf 90' lang='lat'><strong>67.</strong></span> <span class='ocrx_word' id='word_1_113' title='bbox 329 1015 385 1055; x_wconf 87' lang='lat' dir='ltr'><strong>gr.</strong></span> <span class='ocrx_word' id='word_1_114' title='bbox 430 1003 550 1043; x_wconf 88' lang='lat' dir='ltr'><strong>rursus</strong></span> <span class='ocrx_word' id='word_1_115' title='bbox 587 1002 807 1043; x_wconf 79' lang='lat' dir='ltr'><strong>monebitur</strong></span> <span class='ocrx_word' id='word_1_116' title='bbox 847 1003 1036 1042; x_wconf 79' lang='lat' dir='ltr'><strong>contraria</strong></span> <span class='ocrx_word' id='word_1_117' title='bbox 1069 1003 1282 1043; x_wconf 70' lang='lat' dir='ltr'><strong>direffione</strong></span> <span class='ocrx_word' id='word_1_118' title='bbox 1315 1013 1354 1043; x_wconf 89' lang='lat' dir='ltr'><strong>et</strong></span> <span class='ocrx_word' id='word_1_119' title='bbox 1387 1003 1439 1043; x_wconf 85' lang='lat' dir='ltr'><strong>fic</strong></span> 
     </span>
     <span class='ocr_line' id='line_1_14' title="bbox 115 1065 1439 1120; baseline 0 -14"><span class='ocrx_word' id='word_1_120' title='bbox 115 1079 247 1120; x_wconf 87' lang='lat' dir='ltr'><strong>porro.</strong></span> <span class='ocrx_word' id='word_1_121' title='bbox 318 1066 407 1106; x_wconf 88' lang='lat' dir='ltr'><strong>Tali</strong></span> <span class='ocrx_word' id='word_1_122' title='bbox 440 1068 589 1108; x_wconf 85' lang='lat' dir='ltr'><strong>ratione</strong></span> <span class='ocrx_word' id='word_1_123' title='bbox 623 1065 836 1106; x_wconf 88' lang='lat' dir='ltr'><strong>differentia</strong></span> <span class='ocrx_word' id='word_1_124' title='bbox 867 1067 1028 1106; x_wconf 83' lang='lat' dir='ltr'><strong>minima</strong></span> <span class='ocrx_word' id='word_1_125' title='bbox 1066 1076 1135 1115; x_wconf 82' lang='lat'><strong>37.</strong></span> <span class='ocrx_word' id='word_1_126' title='bbox 1173 1080 1229 1120; x_wconf 85' lang='lat' dir='ltr'><strong>gr.</strong></span> <span class='ocrx_word' id='word_1_127' title='bbox 1261 1066 1439 1108; x_wconf 87' lang='lat' dir='ltr'><strong>differen-</strong></span> 
     </span>
    </p>
   </div>
   <div class='ocr_carea' id='block_1_3' title="bbox 115 1127 1440 1245">
    <p class='ocr_par' dir='ltr' id='par_1_3' title="bbox 115 1127 1440 1245">
     <span class='ocr_line' id='line_1_15' title="bbox 116 1127 1439 1184; baseline -0.001 -14"><span class='ocrx_word' id='word_1_128' title='bbox 116 1131 170 1170; x_wconf 84' lang='lat' dir='ltr'><strong>tia</strong></span> <span class='ocrx_word' id='word_1_129' title='bbox 203 1130 379 1170; x_wconf 77' lang='lat' dir='ltr'><strong>maxima</strong></span> <span class='ocrx_word' id='word_1_130' title='bbox 412 1144 483 1180; x_wconf 85' lang='lat'><strong>42.</strong></span> <span class='ocrx_word' id='word_1_131' title='bbox 520 1144 575 1184; x_wconf 87' lang='lat' dir='ltr'><strong>gr.</strong></span> <span class='ocrx_word' id='word_1_132' title='bbox 613 1127 690 1169; x_wconf 87' lang='lat' dir='ltr'><strong>effe</strong></span> <span class='ocrx_word' id='word_1_133' title='bbox 724 1129 862 1182; x_wconf 90' lang='lat' dir='ltr'><strong>potest.</strong></span> <span class='ocrx_word' id='word_1_134' title='bbox 931 1128 1158 1170; x_wconf 87' lang='lat' dir='ltr'><strong>Difficulter</strong></span> <span class='ocrx_word' id='word_1_135' title='bbox 1191 1141 1323 1172; x_wconf 84' lang='lat' dir='ltr'><strong>tamen</strong></span> <span class='ocrx_word' id='word_1_136' title='bbox 1357 1142 1439 1170; x_wconf 84' lang='lat' dir='ltr'><strong>cre-</strong></span> 
     </span>
     <span class='ocr_line' id='line_1_16' title="bbox 115 1191 1440 1245; baseline 0.001 -13"><span class='ocrx_word' id='word_1_137' title='bbox 115 1193 283 1233; x_wconf 88' lang='lat' dir='ltr'><strong>diderim</strong></span> <span class='ocrx_word' id='word_1_138' title='bbox 303 1203 453 1233; x_wconf 79' lang='lat' dir='ltr'><strong>tantum</strong></span> <span class='ocrx_word' id='word_1_139' title='bbox 473 1193 602 1234; x_wconf 84' lang='lat' dir='ltr'><strong>saltum</strong></span> <span class='ocrx_word' id='word_1_140' title='bbox 625 1193 664 1232; x_wconf 91' lang='lat' dir='ltr'><strong>in</strong></span> <span class='ocrx_word' id='word_1_141' title='bbox 683 1202 814 1232; x_wconf 77' lang='lat' dir='ltr'><strong>natura</strong></span> <span class='ocrx_word' id='word_1_142' title='bbox 833 1192 938 1245; x_wconf 77' lang='lat' dir='ltr'><strong>fieri,</strong></span> <span class='ocrx_word' id='word_1_143' title='bbox 965 1194 1156 1234; x_wconf 88' lang='lat' dir='ltr'><strong>minorem</strong></span> <span class='ocrx_word' id='word_1_144' title='bbox 1183 1191 1440 1234; x_wconf 25' lang='lat' dir='ltr'><strong>tamenssdiffe-</strong></span> 
     </span>
    </p>
   </div>
   <div class='ocr_carea' id='block_1_4' title="bbox 118 1256 1442 1378">
    <p class='ocr_par' dir='ltr' id='par_1_4' title="bbox 118 1256 1442 1378">
     <span class='ocr_line' id='line_1_17' title="bbox 118 1256 1442 1311; baseline 0.001 -14"><span class='ocrx_word' id='word_1_145' title='bbox 118 1257 281 1297; x_wconf 88' lang='lat' dir='ltr'><strong>rentiam</strong></span> <span class='ocrx_word' id='word_1_146' title='bbox 302 1269 370 1309; x_wconf 90' lang='lat' dir='ltr'><strong>per</strong></span> <span class='ocrx_word' id='word_1_147' title='bbox 388 1257 542 1311; x_wconf 75' lang='lat' dir='ltr'><strong>aliquod</strong></span> <span class='ocrx_word' id='word_1_148' title='bbox 559 1256 803 1296; x_wconf 81' lang='lat' dir='ltr'><strong>interuallum</strong></span> <span class='ocrx_word' id='word_1_149' title='bbox 822 1258 1011 1310; x_wconf 87' lang='lat' dir='ltr'><strong>temporis</strong></span> <span class='ocrx_word' id='word_1_150' title='bbox 1027 1258 1168 1311; x_wconf 77' lang='lat' dir='ltr'><strong>saepius</strong></span> <span class='ocrx_word' id='word_1_151' title='bbox 1201 1257 1412 1298; x_wconf 82' lang='lat' dir='ltr'><strong>conseruari</strong></span> <span class='ocrx_word' id='word_1_152' title='bbox 1429 1291 1442 1309; x_wconf 71' lang='lat'>,</span> 
     </span>
     <span class='ocr_line' id='line_1_18' title="bbox 121 1319 1407 1378; baseline 0.001 -19"><span class='ocrx_word' id='word_1_153' title='bbox 121 1319 389 1373; x_wconf 85' lang='lat' dir='ltr'><strong>phaenomena</strong></span> <span class='ocrx_word' id='word_1_154' title='bbox 423 1321 610 1375; x_wconf 82' lang='lat' dir='ltr'><strong>quaedam</strong></span> <span class='ocrx_word' id='word_1_155' title='bbox 645 1320 835 1361; x_wconf 84' lang='lat' dir='ltr'><strong>obseruata</strong></span> <span class='ocrx_word' id='word_1_156' title='bbox 875 1321 1099 1375; x_wconf 88' lang='lat' dir='ltr'><strong>persuadent</strong></span> <span class='ocrx_word' id='word_1_157' title='bbox 1117 1354 1129 1373; x_wconf 81' lang='lat'>‚</span> <span class='ocrx_word' id='word_1_158' title='bbox 1162 1330 1208 1361; x_wconf 80' lang='lat' dir='ltr'><strong>vt</strong></span> <span class='ocrx_word' id='word_1_159' title='bbox 1240 1322 1407 1378; x_wconf 82' lang='lat' dir='ltr'><strong>credam.</strong></span> 
     </span>
    </p>
   </div>
   <div class='ocr_carea' id='block_1_5' title="bbox 553 1381 996 1461">
    <p class='ocr_par' dir='ltr' id='par_1_5' title="bbox 553 1381 996 1461">
     <span class='ocr_line' id='line_1_19' title="bbox 553 1381 996 1461; baseline -0.005 -22"><span class='ocrx_word' id='word_1_160' title='bbox 553 1381 849 1461; x_wconf 85' lang='lat' dir='ltr'><strong>Experim.</strong></span> <span class='ocrx_word' id='word_1_161' title='bbox 896 1381 996 1439; x_wconf 90' lang='lat' dir='ltr'><strong>IV.</strong></span> 
     </span>
    </p>
   </div>
   <div class='ocr_carea' id='block_1_6' title="bbox 127 1469 1450 1589">
    <p class='ocr_par' dir='ltr' id='par_1_6' title="bbox 127 1469 1450 1589">
     <span class='ocr_line' id='line_1_20' title="bbox 240 1469 1449 1525; baseline 0.002 -17"><span class='ocrx_word' id='word_1_162' title='bbox 240 1470 273 1518; x_wconf 66' lang='grc' dir='ltr'><strong>ξ.</strong></span> <span class='ocrx_word' id='word_1_163' title='bbox 300 1478 340 1518; x_wconf 91' lang='lat'><strong>7.</strong></span> <span class='ocrx_word' id='word_1_164' title='bbox 362 1469 409 1510; x_wconf 91' lang='lat' dir='ltr'><strong>In</strong></span> <span class='ocrx_word' id='word_1_165' title='bbox 428 1470 617 1523; x_wconf 87' lang='lat' dir='ltr'><strong>temperie</strong></span> <span class='ocrx_word' id='word_1_166' title='bbox 635 1470 749 1522; x_wconf 84' lang='lat' dir='ltr'><strong>aeris,</strong></span> <span class='ocrx_word' id='word_1_167' title='bbox 770 1483 866 1524; x_wconf 85' lang='lat' dir='ltr'><strong>quae</strong></span> <span class='ocrx_word' id='word_1_168' title='bbox 885 1483 906 1510; x_wconf 81' lang='lat' dir='ltr'><strong>a</strong></span> <span class='ocrx_word' id='word_1_169' title='bbox 921 1471 1038 1523; x_wconf 87' lang='lat' dir='ltr'><strong>gradu</strong></span> <span class='ocrx_word' id='word_1_170' title='bbox 1056 1473 1112 1510; x_wconf 86' lang='lat'><strong>62</strong></span> <span class='ocrx_word' id='word_1_171' title='bbox 1133 1472 1178 1512; x_wconf 85' lang='lat' dir='ltr'><strong>ad</strong></span> <span class='ocrx_word' id='word_1_172' title='bbox 1197 1483 1252 1525; x_wconf 85' lang='lat' dir='ltr'><strong>gr.</strong></span> <span class='ocrx_word' id='word_1_173' title='bbox 1265 1474 1336 1511; x_wconf 88' lang='lat'><strong>66.</strong></span> <span class='ocrx_word' id='word_1_174' title='bbox 1354 1470 1449 1511; x_wconf 76' lang='lat' dir='ltr'><strong>cres-</strong></span> 
     </span>
     <span class='ocr_line' id='line_1_21' title="bbox 127 1531 1450 1589; baseline 0.004 -18"><span class='ocrx_word' id='word_1_175' title='bbox 127 1531 237 1572; x_wconf 84' lang='lat' dir='ltr'><strong>cebat</strong></span> <span class='ocrx_word' id='word_1_176' title='bbox 255 1534 414 1574; x_wconf 85' lang='lat' dir='ltr'><strong>durante</strong></span> <span class='ocrx_word' id='word_1_177' title='bbox 432 1535 726 1587; x_wconf 84' lang='lat' dir='ltr'><strong>experimento,</strong></span> <span class='ocrx_word' id='word_1_178' title='bbox 747 1539 792 1581; x_wconf 53' lang='grc' dir='ltr'><strong>ξς.</strong></span> <span class='ocrx_word' id='word_1_179' title='bbox 821 1543 949 1588; x_wconf 84' lang='lat' dir='ltr'><strong>partes</strong></span> <span class='ocrx_word' id='word_1_180' title='bbox 972 1535 1089 1575; x_wconf 88' lang='lat' dir='ltr'><strong>librae</strong></span> <span class='ocrx_word' id='word_1_181' title='bbox 1107 1548 1243 1589; x_wconf 83' lang='lat' dir='ltr'><strong>aquae,</strong></span> <span class='ocrx_word' id='word_1_182' title='bbox 1271 1536 1308 1575; x_wconf 91' lang='lat' dir='ltr'><strong>in</strong></span> <span class='ocrx_word' id='word_1_183' title='bbox 1329 1547 1450 1589; x_wconf 86' lang='lat' dir='ltr'><strong>pocu-</strong></span> 
     </span>
    </p>
   </div>
   <div class='ocr_carea' id='block_1_7' title="bbox 127 1595 1452 1653">
    <p class='ocr_par' dir='ltr' id='par_1_7' title="bbox 127 1595 1452 1653">
     <span class='ocr_line' id='line_1_22' title="bbox 127 1595 1452 1653; baseline 0.002 -19"><span class='ocrx_word' id='word_1_184' title='bbox 127 1595 168 1636; x_wconf 90' lang='lat' dir='ltr'><strong>lo</strong></span> <span class='ocrx_word' id='word_1_185' title='bbox 186 1596 314 1637; x_wconf 88' lang='lat' dir='ltr'><strong>vitreo</strong></span> <span class='ocrx_word' id='word_1_186' title='bbox 332 1598 492 1650; x_wconf 87' lang='lat' dir='ltr'><strong>conico,</strong></span> <span class='ocrx_word' id='word_1_187' title='bbox 512 1597 714 1652; x_wconf 88' lang='lat' dir='ltr'><strong>temperiei</strong></span> <span class='ocrx_word' id='word_1_188' title='bbox 742 1605 797 1646; x_wconf 23' lang='lat'><strong>3⁸8</strong></span> <span class='ocrx_word' id='word_1_189' title='bbox 818 1598 1020 1652; x_wconf 85' lang='lat' dir='ltr'><strong>graduum,</strong></span> <span class='ocrx_word' id='word_1_190' title='bbox 1048 1598 1240 1641; x_wconf 83' lang='lat' dir='ltr'><strong>obseruaui</strong></span> <span class='ocrx_word' id='word_1_191' title='bbox 1257 1600 1452 1653; x_wconf 84' lang='lat' dir='ltr'><strong>acquirere</strong></span> 
     </span>
    </p>
   </div>
   <div class='ocr_carea' id='block_1_8' title="bbox 126 1662 1418 2096">
    <p class='ocr_par' dir='ltr' id='par_1_8' title="bbox 1025 1662 1385 1704">
     <span class='ocr_line' id='line_1_23' title="bbox 1025 1662 1385 1704; baseline -0.003 -2"><span class='ocrx_word' id='word_1_192' title='bbox 1025 1662 1171 1704; x_wconf 87' lang='lat' dir='ltr'><strong>obseru.</strong></span> <span class='ocrx_word' id='word_1_193' title='bbox 1291 1663 1385 1704; x_wconf 73' lang='lat' dir='ltr'><strong>calc„</strong></span> 
     </span>
    </p>

    <p class='ocr_par' dir='ltr' id='par_1_9' title="bbox 126 1722 1401 1841">
     <span class='ocr_line' id='line_1_24' title="bbox 126 1722 1097 1779; baseline 0.003 -17"><span class='ocrx_word' id='word_1_194' title='bbox 126 1722 213 1778; x_wconf 90' lang='lat' dir='ltr'><strong>post</strong></span> <span class='ocrx_word' id='word_1_195' title='bbox 251 1731 275 1766; x_wconf 88' lang='lat'>8</span> <span class='ocrx_word' id='word_1_196' title='bbox 312 1725 410 1766; x_wconf 86' lang='lat' dir='ltr'><strong>min.</strong></span> <span class='ocrx_word' id='word_1_197' title='bbox 448 1727 563 1779; x_wconf 88' lang='lat' dir='ltr'><strong>prim.</strong></span> <span class='ocrx_word' id='word_1_198' title='bbox 601 1745 618 1755; x_wconf 95' lang='lat'>-</span> <span class='ocrx_word' id='word_1_199' title='bbox 718 1752 736 1756; x_wconf 96' lang='lat'><em>-</em></span> <span class='ocrx_word' id='word_1_200' title='bbox 834 1753 853 1758; x_wconf 95' lang='lat'>-</span> <span class='ocrx_word' id='word_1_201' title='bbox 946 1737 1002 1779; x_wconf 90' lang='lat' dir='ltr'><strong>gr.</strong></span> <span class='ocrx_word' id='word_1_202' title='bbox 1038 1739 1097 1777; x_wconf 83' lang='lat'><strong>40</strong></span> 
     </span>
     <span class='ocr_line' id='line_1_25' title="bbox 216 1790 1401 1841; baseline 0 -12"><span class='ocrx_word' id='word_1_203' title='bbox 216 1790 269 1825; x_wconf 88' lang='lat'><strong>16</strong></span> <span class='ocrx_word' id='word_1_204' title='bbox 369 1810 386 1817; x_wconf 87' lang='lat'><strong>·-</strong></span> <span class='ocrx_word' id='word_1_205' title='bbox 483 1812 502 1819; x_wconf 92' lang='lat'><em>—</em></span> <span class='ocrx_word' id='word_1_206' title='bbox 713 1811 731 1821; x_wconf 93' lang='lat'>-</span> <span class='ocrx_word' id='word_1_207' title='bbox 828 1812 847 1822; x_wconf 94' lang='lat'>-</span> <span class='ocrx_word' id='word_1_208' title='bbox 947 1809 965 1820; x_wconf 90' lang='lat'>-</span> <span class='ocrx_word' id='word_1_209' title='bbox 1063 1809 1081 1823; x_wconf 92' lang='lat'>-</span> <span class='ocrx_word' id='word_1_210' title='bbox 1177 1811 1195 1823; x_wconf 93' lang='lat'>-</span> <span class='ocrx_word' id='word_1_211' title='bbox 1292 1804 1346 1841; x_wconf 78' lang='lat'><strong>41</strong></span> <span class='ocrx_word' id='word_1_212' title='bbox 1371 1797 1401 1837; x_wconf 73' lang='lat'><strong>{-</strong></span> 
     </span>
    </p>

    <p class='ocr_par' dir='ltr' id='par_1_10' title="bbox 214 1862 1418 1970">
     <span class='ocr_line' id='line_1_26' title="bbox 214 1862 1087 1905; baseline -0.008 5"><span class='ocrx_word' id='word_1_213' title='bbox 214 1862 270 1890; x_wconf 85' lang='lat'><strong>20</strong></span> <span class='ocrx_word' id='word_1_214' title='bbox 369 1870 388 1882; x_wconf 91' lang='lat'><strong>·</strong></span> <span class='ocrx_word' id='word_1_215' title='bbox 485 1873 504 1883; x_wconf 68' lang='lat'>²</span> <span class='ocrx_word' id='word_1_216' title='bbox 601 1876 619 1883; x_wconf 88' lang='lat'>-</span> <span class='ocrx_word' id='word_1_217' title='bbox 717 1875 735 1885; x_wconf 92' lang='lat'><em>·</em></span> <span class='ocrx_word' id='word_1_218' title='bbox 832 1873 851 1887; x_wconf 91' lang='lat'>·</span> <span class='ocrx_word' id='word_1_219' title='bbox 948 1875 966 1884; x_wconf 87' lang='lat'>-</span> <span class='ocrx_word' id='word_1_220' title='bbox 1031 1866 1087 1905; x_wconf 84' lang='lat'><strong>43</strong></span> 
     </span>
     <span class='ocr_line' id='line_1_27' title="bbox 216 1924 1418 1970; baseline -0.009 8"><span class='ocrx_word' id='word_1_221' title='bbox 216 1925 275 1965; x_wconf 76' lang='lat'><strong>24</strong></span> <span class='ocrx_word' id='word_1_222' title='bbox 371 1939 388 1945; x_wconf 91' lang='lat'>·</span> <span class='ocrx_word' id='word_1_223' title='bbox 484 1935 503 1946; x_wconf 89' lang='lat'>·</span> <span class='ocrx_word' id='word_1_224' title='bbox 601 1936 620 1947; x_wconf 87' lang='lat'><strong>·</strong></span> <span class='ocrx_word' id='word_1_225' title='bbox 716 1938 735 1948; x_wconf 90' lang='lat'><strong>·</strong></span> <span class='ocrx_word' id='word_1_226' title='bbox 831 1939 850 1950; x_wconf 91' lang='lat'>·</span> <span class='ocrx_word' id='word_1_227' title='bbox 947 1936 967 1948; x_wconf 90' lang='lat'><strong>·</strong></span> <span class='ocrx_word' id='word_1_228' title='bbox 1063 1945 1081 1951; x_wconf 99' lang='lat'>-</span> <span class='ocrx_word' id='word_1_229' title='bbox 1177 1938 1196 1952; x_wconf 91' lang='lat'>-</span> <span class='ocrx_word' id='word_1_230' title='bbox 1290 1929 1346 1969; x_wconf 81' lang='lat'><strong>43</strong></span> <span class='ocrx_word' id='word_1_231' title='bbox 1371 1924 1418 1970; x_wconf 57' lang='lat'><strong>3}-</strong></span> 
     </span>
    </p>

    <p class='ocr_par' dir='ltr' id='par_1_11' title="bbox 148 1989 1090 2032">
     <span class='ocr_line' id='line_1_28' title="bbox 148 1989 1090 2032; baseline 0.001 -1"><span class='ocrx_word' id='word_1_232' title='bbox 148 2011 150 2015; x_wconf 88' lang='lat'><em>·</em></span> <span class='ocrx_word' id='word_1_233' title='bbox 218 1989 272 2026; x_wconf 81' lang='lat'><strong>25</strong></span> <span class='ocrx_word' id='word_1_234' title='bbox 373 2003 390 2009; x_wconf 57' lang='lat'>⁶</span> <span class='ocrx_word' id='word_1_235' title='bbox 485 2004 502 2010; x_wconf 81' lang='grc'><strong>-</strong></span> <span class='ocrx_word' id='word_1_236' title='bbox 600 2006 618 2010; x_wconf 88' lang='grc'>-</span> <span class='ocrx_word' id='word_1_237' title='bbox 833 2007 850 2012; x_wconf 91' lang='grc'>-</span> <span class='ocrx_word' id='word_1_238' title='bbox 948 2002 967 2012; x_wconf 80' lang='grc'>-</span> <span class='ocrx_word' id='word_1_239' title='bbox 1029 1996 1090 2032; x_wconf 80' lang='lat'><strong>44</strong></span> 
     </span>
    </p>

    <p class='ocr_par' dir='ltr' id='par_1_12' title="bbox 220 2051 1090 2096">
     <span class='ocr_line' id='line_1_29' title="bbox 220 2051 1090 2096; baseline -0.001 0"><span class='ocrx_word' id='word_1_240' title='bbox 220 2051 278 2088; x_wconf 75' lang='grc'><strong>30</strong></span> <span class='ocrx_word' id='word_1_241' title='bbox 607 2069 625 2075; x_wconf 82' lang='lat'><em>·</em></span> <span class='ocrx_word' id='word_1_242' title='bbox 951 2070 968 2075; x_wconf 48' lang='lat' dir='ltr'><strong>r</strong></span> <span class='ocrx_word' id='word_1_243' title='bbox 1033 2056 1090 2096; x_wconf 82' lang='lat'><strong>45</strong></span> 
     </span>
    </p>
   </div>
   <div class='ocr_carea' id='block_1_9' title="bbox 218 2108 1453 2164">
    <p class='ocr_par' dir='ltr' id='par_1_13' title="bbox 218 2108 1453 2164">
     <span class='ocr_line' id='line_1_30' title="bbox 218 2108 1453 2164; baseline -0.002 0"><span class='ocrx_word' id='word_1_244' title='bbox 218 2115 273 2152; x_wconf 76' lang='lat'><strong>3²</strong></span> <span class='ocrx_word' id='word_1_245' title='bbox 374 2130 391 2136; x_wconf 55' lang='lat'><strong><em>⁴</em></strong></span> <span class='ocrx_word' id='word_1_246' title='bbox 488 2130 506 2138; x_wconf 74' lang='lat'><strong>&#39;¹</strong></span> <span class='ocrx_word' id='word_1_247' title='bbox 951 2129 969 2140; x_wconf 79' lang='lat'><strong>&#39;¹</strong></span> <span class='ocrx_word' id='word_1_248' title='bbox 1068 2131 1086 2164; x_wconf 85' lang='grc'><strong>.“’</strong></span> <span class='ocrx_word' id='word_1_249' title='bbox 1185 2108 1204 2144; x_wconf 57' lang='grc' dir='ltr'>Σ</span> <span class='ocrx_word' id='word_1_250' title='bbox 1306 2121 1363 2161; x_wconf 74' lang='grc'><strong>4-5</strong></span> <span class='ocrx_word' id='word_1_251' title='bbox 1388 2118 1453 2161; x_wconf 54' lang='lat'><strong>8335*</strong></span> 
     </span>
    </p>
   </div>
   <div class='ocr_carea' id='block_1_10' title="bbox 197 2133 1450 2222">
    <p class='ocr_par' dir='ltr' id='par_1_14' title="bbox 197 2133 1450 2222">
     <span class='ocr_line' id='line_1_31' title="bbox 197 2133 1450 2222; baseline 0.01 -13"><span class='ocrx_word' id='word_1_252' title='bbox 197 2167 316 2210; x_wconf 86' lang='lat' dir='ltr'><strong>Tom.</strong></span> <span class='ocrx_word' id='word_1_253' title='bbox 353 2167 386 2209; x_wconf 69' lang='grc' dir='ltr'><strong>Ι,</strong></span> <span class='ocrx_word' id='word_1_254' title='bbox 719 2135 735 2140; x_wconf 49' lang='grc'>-</span> <span class='ocrx_word' id='word_1_255' title='bbox 768 2166 808 2211; x_wconf 84' lang='grc' dir='ltr'>Ζ</span> <span class='ocrx_word' id='word_1_256' title='bbox 835 2133 851 2139; x_wconf 60' lang='lat'><strong>‘-</strong></span> <span class='ocrx_word' id='word_1_257' title='bbox 1397 2182 1450 2222; x_wconf 71' lang='lat'><strong>35</strong></span> 
     </span>
    </p>
   </div>
  </div>
 </body>
</html>
