1820 2506
719 128 754 192 3<
787 139 846 184 27
881 131 916 184 2(

147 250 233 295 'tum
265 244 471 294 incumbent
502 246 542 292 in
559 243 690 307 studia
724 247 892 305 plvfices
932 244 1163 292 theoreticae
1177 249 1217 290 et
1243 245 1474 306 experimene

152 316 251 360 talis
278 350 290 370 ,
331 328 412 359 cum
453 316 585 372 quibus
625 316 838 370 coniuigent
877 312 1065 370 hssoriam
1082 346 1095 367 ‚
1131 315 1256 369 primo
1298 313 1446 356 ciuilem
1464 348 1478 368 ,‚

151 381 284 423 deinde
327 381 562 423 litterariam
580 413 591 433 ‚
635 379 712 437 post
742 377 1000 434 genealogiam
1029 411 1040 430 ,
1082 384 1160 419 tum
1210 376 1446 420 heraldicam
1464 411 1476 430 ,

147 445 321 501 postremo
358 441 623 500 philosophiam
662 443 887 500 practicam.
959 443 1091 497 Neque
1132 454 1224 484 vero
1249 442 1338 498 fiae
1370 443 1477 484 dici·

144 509 280 566 plinae
328 508 469 566 confuse
518 516 556 550 et
607 509 710 563 quasi
756 516 831 562 per
869 503 1046 562 saturam
1069 539 1081 560 ,
1099 502 1177 560 Jed
1204 507 1331 548 ordine
1364 514 1402 548 et
1421 506 1481 560 st-

142 572 312 628 gillatim
346 573 573 617 traciandae
594 569 687 626 sunt
706 604 717 623 ‚
751 573 995 627 inprimisque
1023 572 1222 613 cauendum
1240 604 1251 623 ‚
1286 583 1330 611 ne
1347 577 1478 612 tenera

136 633 378 696 studiosorum
423 638 569 691 ingenia
607 635 784 691 pluribus
804 635 923 692 fimul
948 637 1148 692 propcfitis
1179 631 1378 689 disciplinis
1411 634 1478 675 ob-

150 708 323 743 ruantur.
396 701 638 743 Promouendi
680 708 803 742 autem
843 707 880 741 et
912 703 950 742 in
992 701 1157 742 aliarum
1202 695 1478 755 disciplinarum

147 767 400 824 irfiitutionem
433 765 608 809 tradendi
628 759 722 821 sunt
738 799 750 818 ‚
784 776 892 820 quum
919 762 1164 822 praecefferit
1202 776 1375 807 examen„

769 873 845 911 49·

266 931 450 991 Postremo
477 928 633 986 Praeffes
665 938 798 987 quarto
831 943 971 989 quoque
1004 927 1119 997 ment}
1137 964 1150 985 ,
1177 931 1367 990 postquam
1389 942 1474 974 cer-

147 999 223 1040 tior
247 998 377 1051 sactus
402 998 526 1050 fuerit
558 999 610 1039 ab
642 998 868 1039 academicis
889 1030 900 1050 ,
953 998 1047 1052 quid
1077 998 1335 1054 praestiterint
1383 998 1477 1053 ipsi,

145 1058 274 1118 quofice
301 1061 507 1119 progreffus
526 1061 697 1118 fecerint
731 1057 886 1116 ipsorum
918 1062 1084 1104 adiuncti
1115 1068 1155 1103 et
1178 1062 1348 1119 studi0fi‚
1379 1074 1473 1103 exa-

147 1131 292 1169 minare
337 1128 440 1168 debet
473 1140 505 1180 g
502 1127 662 1182 ymnasti
691 1127 830 1171 tirones
847 1133 884 1167 et
889 1122 1065 1183 studiosos
1082 1127 1340 1183 Wziuerfitatis
1359 1159 1370 1178 ,
1405 1137 1475 1180 quo

135 1189 239 1246 fiiat
259 1192 402 1233 labores
431 1192 630 1232 docentium
666 1197 704 1231 et
730 1190 956 1244 diligentiam
960 1187 1211 1247 succefficsque
1245 1187 1469 1245 discentium.

150 1253 247 1297 Tali·
265 1257 364 1297 modo
383 1267 496 1310 neque
514 1256 613 1295 ratio
641 1254 873 1309 publicarum
917 1251 1159 1310 impensarum
1177 1266 1291 1309 neque
1324 1251 1471 1309 summa

149 1319 431 1376 Imperatoriae
457 1318 664 1362 Maiestatis
691 1319 939 1370 murificentia
971 1330 1136 1375 curaque
1147 1318 1303 1377 frustra
1343 1323 1467 1362 erunt.

587 1407 653 1446 DE
678 1407 1030 1446 CANCELLARIA.

769 1507 840 1546 50.

266 1568 410 1611 Forma
451 1564 715 1611 cancellariae
754 1569 884 1612 ediffiis
923 1568 1206 1624 Imperatoriae
1256 1565 1471 1611 Maiestatis

147 1635 206 1678 ad
233 1634 398 1685 amussim
430 1631 643 1689 respondere
676 1632 793 1675 debet.
864 1634 977 1675 Haec
1009 1635 1056 1690 est
1077 1630 1187 1687 sedes
1205 1632 1271 1675 illa
1287 1634 1468 1690 locusque,

150 1713 198 1742 ex
230 1711 299 1754 quo
332 1694 490 1753 Praeses
526 1691 690 1751 ‘uniuerso
723 1700 869 1753 corpori
903 1699 1113 1739 academico
1134 1699 1362 1739 moderatur.
1397 1699 1463 1740 Ce-

149 1771 249 1806 teros
266 1796 277 1815 ‚
311 1765 375 1817 qui
407 1775 485 1804 vna
517 1775 599 1802 cum
632 1761 805 1818 Praestde
837 1764 946 1803 rebus
978 1764 1204 1804 academicis
1237 1763 1467 1817 praeficiun-

149 1836 212 1869 tur
230 1859 240 1877 ,
260 1824 496 1882 sublimiores
528 1823 740 1881 dfiiplinas
772 1835 810 1868 et
842 1826 987 1880 linguas
1019 1826 1188 1870 nonnihil
1217 1830 1326 1881 attigi
1351 1840 1371 1868 e
1404 1827 1469 1868 de-

147 1898 207 1933 cet
230 1924 240 1943 ,
275 1904 343 1946 quo
376 1893 511 1933 rectius
543 1890 749 1944 intelligant
769 1925 780 1945 ,
814 1893 905 1946 quid
935 1904 960 1932 a
993 1904 1131 1946 quoque
1163 1894 1259 1944 exigi
1286 1897 1465 1945 oporteat.

152 1957 295 2007 Iidem,
328 1967 435 2009 quum
469 1952 624 2010 Praeses
657 1956 774 2011 abest,
808 1956 1020 1997 coniunctim
1053 1969 1114 1998 res
1147 1955 1381 1998 Academiae
1399 1954 1471 1996 ad-

152 2021 353 2075 ministrant
373 2053 385 2072 ,
415 2020 544 2061 eadem
594 2020 821 2061 auctoritate
842 2051 853 2070 ,
913 2032 988 2074 qua
1057 2019 1170 2076 pollet
1230 2016 1301 2075 ipse
1319 2053 1331 2073 ,
1364 2030 1473 2074 quum

150 2097 280 2130 coram
329 2084 427 2142 adest
461 2078 658 2140 Praese53
724 2084 871 2138 ideoque
920 2092 960 2127 et
1017 2087 1057 2129 in
1090 2086 1319 2129 conuentibus
1379 2095 1472 2124 aca-

762 2148 789 2191 d
827 2160 854 2188 2
1353 2147 1471 2190 demi-
