<?xml version="1.0" encoding="UTF-8"?>
<!DOCTYPE html PUBLIC "-//W3C//DTD XHTML 1.0 Transitional//EN"
    "http://www.w3.org/TR/xhtml1/DTD/xhtml1-transitional.dtd">
<html xmlns="http://www.w3.org/1999/xhtml" xml:lang="en" lang="en">
 <head>
  <title>
</title>
<meta http-equiv="Content-Type" content="text/html;charset=utf-8" />
  <meta name='ocr-system' content='tesseract 3.04.00' />
  <meta name='ocr-capabilities' content='ocr_page ocr_carea ocr_par ocr_line ocrx_word'/>
</head>
<body>
  <div class='ocr_page' id='page_1' title='image "./novicommentariac01impe_0330.png"; bbox 0 0 1820 2506; ppageno 0'>
   <div class='ocr_carea' id='block_1_1' title="bbox 336 175 1336 229">
    <p class='ocr_par' dir='ltr' id='par_1_1' title="bbox 336 175 1336 229">
     <span class='ocr_line' id='line_1_1' title="bbox 336 175 1336 229; baseline 0.006 -9"><span class='ocrx_word' id='word_1_1' title='bbox 336 191 424 229; x_wconf 80' lang='lat'>232</span> <span class='ocrx_word' id='word_1_2' title='bbox 653 175 984 226; x_wconf 84' lang='lat' dir='ltr'><em>TENTAMEN</em></span> <span class='ocrx_word' id='word_1_3' title='bbox 1035 176 1122 224; x_wconf 87' lang='grc' dir='ltr'>ΤΗ</span> <span class='ocrx_word' id='word_1_4' title='bbox 1127 175 1336 228; x_wconf 76' lang='lat' dir='ltr'><em>EORIAE</em></span> 
     </span>
    </p>
   </div>
   <div class='ocr_carea' id='block_1_2' title="bbox 321 295 1657 2206">
    <p class='ocr_par' dir='ltr' id='par_1_2' title="bbox 330 295 1655 735">
     <span class='ocr_line' id='line_1_2' title="bbox 482 295 1655 354; baseline 0.004 -17"><span class='ocrx_word' id='word_1_5' title='bbox 482 299 517 347; x_wconf 65' lang='grc' dir='ltr'>ξ.</span> <span class='ocrx_word' id='word_1_6' title='bbox 545 309 582 347; x_wconf 83' lang='grc'>5.</span> <span class='ocrx_word' id='word_1_7' title='bbox 604 299 809 340; x_wconf 81' lang='lat' dir='ltr'>Particulae</span> <span class='ocrx_word' id='word_1_8' title='bbox 827 299 923 340; x_wconf 73' lang='lat' dir='ltr'>ae‘ris</span> <span class='ocrx_word' id='word_1_9' title='bbox 940 299 1082 353; x_wconf 82' lang='lat' dir='ltr'>duplici</span> <span class='ocrx_word' id='word_1_10' title='bbox 1100 299 1222 340; x_wconf 88' lang='lat' dir='ltr'>modo</span> <span class='ocrx_word' id='word_1_11' title='bbox 1230 298 1382 353; x_wconf 85' lang='lat' dir='ltr'>concipi</span> <span class='ocrx_word' id='word_1_12' title='bbox 1400 295 1576 354; x_wconf 73' lang='lat' dir='ltr'>possunt,</span> <span class='ocrx_word' id='word_1_13' title='bbox 1596 302 1655 342; x_wconf 88' lang='lat' dir='ltr'>ni·</span> 
     </span>
     <span class='ocr_line' id='line_1_3' title="bbox 334 362 1655 418; baseline 0.002 -15"><span class='ocrx_word' id='word_1_14' title='bbox 334 362 475 404; x_wconf 80' lang='lat' dir='ltr'>mirum</span> <span class='ocrx_word' id='word_1_15' title='bbox 499 363 560 402; x_wconf 82' lang='lat' dir='ltr'>vel</span> <span class='ocrx_word' id='word_1_16' title='bbox 579 362 740 415; x_wconf 75' lang='lat' dir='ltr'>singulae</span> <span class='ocrx_word' id='word_1_17' title='bbox 757 364 809 403; x_wconf 87' lang='lat' dir='ltr'>ita</span> <span class='ocrx_word' id='word_1_18' title='bbox 827 362 910 403; x_wconf 90' lang='lat' dir='ltr'>sunt</span> <span class='ocrx_word' id='word_1_19' title='bbox 933 371 1178 416; x_wconf 80' lang='lat' dir='ltr'>comparatae</span> <span class='ocrx_word' id='word_1_20' title='bbox 1195 394 1206 414; x_wconf 83' lang='lat'>,</span> <span class='ocrx_word' id='word_1_21' title='bbox 1240 371 1285 401; x_wconf 86' lang='lat' dir='ltr'>vt</span> <span class='ocrx_word' id='word_1_22' title='bbox 1301 363 1343 402; x_wconf 84' lang='lat' dir='ltr'>vi</span> <span class='ocrx_word' id='word_1_23' title='bbox 1361 366 1655 418; x_wconf 80' lang='lat' dir='ltr'>compositionis</span> 
     </span>
     <span class='ocr_line' id='line_1_4' title="bbox 333 425 1650 480; baseline 0.004 -15"><span class='ocrx_word' id='word_1_24' title='bbox 333 426 758 478; x_wconf 57' lang='lat' dir='ltr'>alicuius2organicaeve</span> <span class='ocrx_word' id='word_1_25' title='bbox 768 426 973 467; x_wconf 66' lang='lat' dir='ltr'>structurae</span> <span class='ocrx_word' id='word_1_26' title='bbox 982 435 1105 480; x_wconf 84' lang='lat' dir='ltr'>partes</span> <span class='ocrx_word' id='word_1_27' title='bbox 1119 425 1206 479; x_wconf 84' lang='lat' dir='ltr'>suas,</span> <span class='ocrx_word' id='word_1_28' title='bbox 1216 425 1401 478; x_wconf 87' lang='lat' dir='ltr'>exquibus</span> <span class='ocrx_word' id='word_1_29' title='bbox 1416 429 1650 470; x_wconf 58' lang='lat' dir='ltr'>constructae</span> 
     </span>
     <span class='ocr_line' id='line_1_5' title="bbox 332 488 1650 544; baseline 0.003 -16"><span class='ocrx_word' id='word_1_30' title='bbox 332 489 415 529; x_wconf 86' lang='lat' dir='ltr'>sunt</span> <span class='ocrx_word' id='word_1_31' title='bbox 434 522 445 541; x_wconf 72' lang='lat'>,</span> <span class='ocrx_word' id='word_1_32' title='bbox 479 490 687 531; x_wconf 80' lang='lat' dir='ltr'>extendere</span> <span class='ocrx_word' id='word_1_33' title='bbox 712 491 879 530; x_wconf 85' lang='lat' dir='ltr'>nitantur</span> <span class='ocrx_word' id='word_1_34' title='bbox 896 522 908 542; x_wconf 87' lang='lat'>,</span> <span class='ocrx_word' id='word_1_35' title='bbox 942 490 1114 544; x_wconf 86' lang='lat' dir='ltr'>adeoque</span> <span class='ocrx_word' id='word_1_36' title='bbox 1135 488 1300 543; x_wconf 83' lang='lat' dir='ltr'>singulae</span> <span class='ocrx_word' id='word_1_37' title='bbox 1324 489 1364 529; x_wconf 90' lang='lat' dir='ltr'>in</span> <span class='ocrx_word' id='word_1_38' title='bbox 1383 490 1500 531; x_wconf 86' lang='lat' dir='ltr'>maius</span> <span class='ocrx_word' id='word_1_39' title='bbox 1518 501 1557 532; x_wconf 88' lang='lat' dir='ltr'>et</span> <span class='ocrx_word' id='word_1_40' title='bbox 1575 493 1650 534; x_wconf 89' lang='lat' dir='ltr'>mi-</span> 
     </span>
     <span class='ocr_line' id='line_1_6' title="bbox 331 552 1651 608; baseline 0.004 -16"><span class='ocrx_word' id='word_1_41' title='bbox 331 565 404 593; x_wconf 67' lang='lat' dir='ltr'>nus,</span> <span class='ocrx_word' id='word_1_42' title='bbox 417 552 583 606; x_wconf 87' lang='lat' dir='ltr'>spacium</span> <span class='ocrx_word' id='word_1_43' title='bbox 598 553 767 607; x_wconf 83' lang='lat' dir='ltr'>expandi</span> <span class='ocrx_word' id='word_1_44' title='bbox 785 553 1036 608; x_wconf 85' lang='lat' dir='ltr'>contrahique</span> <span class='ocrx_word' id='word_1_45' title='bbox 1058 553 1198 607; x_wconf 81' lang='lat' dir='ltr'>possint</span> <span class='ocrx_word' id='word_1_46' title='bbox 1218 567 1229 608; x_wconf 75' lang='lat'>3</span> <span class='ocrx_word' id='word_1_47' title='bbox 1265 561 1329 593; x_wconf 88' lang='lat' dir='ltr'>aut</span> <span class='ocrx_word' id='word_1_48' title='bbox 1349 552 1396 593; x_wconf 88' lang='lat' dir='ltr'>ab</span> <span class='ocrx_word' id='word_1_49' title='bbox 1415 556 1524 595; x_wconf 91' lang='lat' dir='ltr'>omni</span> <span class='ocrx_word' id='word_1_50' title='bbox 1542 568 1651 597; x_wconf 91' lang='lat' dir='ltr'>com-</span> 
     </span>
     <span class='ocr_line' id='line_1_7' title="bbox 332 616 1650 672; baseline 0.004 -17"><span class='ocrx_word' id='word_1_51' title='bbox 332 616 524 671; x_wconf 87' lang='lat' dir='ltr'>pofitione</span> <span class='ocrx_word' id='word_1_52' title='bbox 558 616 719 671; x_wconf 81' lang='lat' dir='ltr'>physica</span> <span class='ocrx_word' id='word_1_53' title='bbox 751 618 1000 672; x_wconf 85' lang='lat' dir='ltr'>organicaque</span> <span class='ocrx_word' id='word_1_54' title='bbox 1034 617 1214 658; x_wconf 65' lang='lat' dir='ltr'>structura</span> <span class='ocrx_word' id='word_1_55' title='bbox 1240 616 1383 657; x_wconf 89' lang='lat' dir='ltr'>alienae</span> <span class='ocrx_word' id='word_1_56' title='bbox 1402 651 1414 670; x_wconf 86' lang='lat'>,</span> <span class='ocrx_word' id='word_1_57' title='bbox 1448 630 1530 659; x_wconf 89' lang='lat' dir='ltr'>non</span> <span class='ocrx_word' id='word_1_58' title='bbox 1563 618 1650 661; x_wconf 79' lang='lat' dir='ltr'>soli-</span> 
     </span>
     <span class='ocr_line' id='line_1_8' title="bbox 330 680 1516 735; baseline 0.002 -15"><span class='ocrx_word' id='word_1_59' title='bbox 330 681 448 723; x_wconf 79' lang='lat' dir='ltr'>tariae.</span> <span class='ocrx_word' id='word_1_60' title='bbox 465 714 476 735; x_wconf 84' lang='lat'>‚</span> <span class='ocrx_word' id='word_1_61' title='bbox 511 680 631 723; x_wconf 85' lang='lat' dir='ltr'>sedin</span> <span class='ocrx_word' id='word_1_62' title='bbox 646 691 851 735; x_wconf 83' lang='lat' dir='ltr'>aggregato</span> <span class='ocrx_word' id='word_1_63' title='bbox 877 682 1065 724; x_wconf 87' lang='lat' dir='ltr'>elasticam</span> <span class='ocrx_word' id='word_1_64' title='bbox 1091 682 1276 722; x_wconf 85' lang='lat' dir='ltr'>virtutem</span> <span class='ocrx_word' id='word_1_65' title='bbox 1295 691 1516 722; x_wconf 84' lang='lat' dir='ltr'>exerceant.</span> 
     </span>
    </p>

    <p class='ocr_par' dir='ltr' id='par_1_3' title="bbox 321 744 1657 2206">
     <span class='ocr_line' id='line_1_9' title="bbox 484 744 1651 803; baseline 0.003 -19"><span class='ocrx_word' id='word_1_66' title='bbox 484 746 517 796; x_wconf 62' lang='grc' dir='ltr'>ς.</span> <span class='ocrx_word' id='word_1_67' title='bbox 554 749 596 784; x_wconf 88' lang='lat'>6.</span> <span class='ocrx_word' id='word_1_68' title='bbox 634 744 736 785; x_wconf 84' lang='lat' dir='ltr'>Prius</span> <span class='ocrx_word' id='word_1_69' title='bbox 769 754 919 800; x_wconf 89' lang='lat' dir='ltr'>praeter</span> <span class='ocrx_word' id='word_1_70' title='bbox 950 746 990 787; x_wconf 89' lang='lat' dir='ltr'>id</span> <span class='ocrx_word' id='word_1_71' title='bbox 1007 778 1019 798; x_wconf 83' lang='lat'>,</span> <span class='ocrx_word' id='word_1_72' title='bbox 1054 746 1158 800; x_wconf 91' lang='lat' dir='ltr'>quod</span> <span class='ocrx_word' id='word_1_73' title='bbox 1190 744 1465 803; x_wconf 74' lang='lat' dir='ltr'>simplicissimo</span> <span class='ocrx_word' id='word_1_74' title='bbox 1498 755 1651 788; x_wconf 87' lang='lat' dir='ltr'>naturae</span> 
     </span>
     <span class='ocr_line' id='line_1_10' title="bbox 330 809 1653 863; baseline 0.002 -13"><span class='ocrx_word' id='word_1_75' title='bbox 330 809 489 863; x_wconf 84' lang='lat' dir='ltr'>ingenio</span> <span class='ocrx_word' id='word_1_76' title='bbox 522 809 566 850; x_wconf 89' lang='lat' dir='ltr'>fit</span> <span class='ocrx_word' id='word_1_77' title='bbox 600 811 775 851; x_wconf 84' lang='lat' dir='ltr'>maxime</span> <span class='ocrx_word' id='word_1_78' title='bbox 810 810 1064 862; x_wconf 85' lang='lat' dir='ltr'>incongruum</span> <span class='ocrx_word' id='word_1_79' title='bbox 1084 841 1095 861; x_wconf 79' lang='lat'><strong>‚</strong></span> <span class='ocrx_word' id='word_1_80' title='bbox 1127 809 1246 850; x_wconf 85' lang='lat' dir='ltr'>etiam</span> <span class='ocrx_word' id='word_1_81' title='bbox 1279 809 1583 863; x_wconf 86' lang='lat' dir='ltr'>pelluciditatem</span> <span class='ocrx_word' id='word_1_82' title='bbox 1610 820 1653 852; x_wconf 90' lang='lat' dir='ltr'>et</span> 
     </span>
     <span class='ocr_line' id='line_1_11' title="bbox 329 871 1653 917; baseline 0.003 -4"><span class='ocrx_word' id='word_1_83' title='bbox 329 871 581 915; x_wconf 84' lang='lat' dir='ltr'>inconciffam</span> <span class='ocrx_word' id='word_1_84' title='bbox 623 874 718 914; x_wconf 85' lang='lat' dir='ltr'>aeris</span> <span class='ocrx_word' id='word_1_85' title='bbox 760 873 1037 914; x_wconf 85' lang='lat' dir='ltr'>durabilitatem</span> <span class='ocrx_word' id='word_1_86' title='bbox 1077 872 1213 914; x_wconf 91' lang='lat' dir='ltr'>tollere</span> <span class='ocrx_word' id='word_1_87' title='bbox 1245 873 1407 914; x_wconf 82' lang='lat' dir='ltr'>videtur.</span> <span class='ocrx_word' id='word_1_88' title='bbox 1474 873 1522 916; x_wconf 90' lang='lat' dir='ltr'>In</span> <span class='ocrx_word' id='word_1_89' title='bbox 1540 887 1653 917; x_wconf 90' lang='lat' dir='ltr'>com-</span> 
     </span>
     <span class='ocr_line' id='line_1_12' title="bbox 329 936 1652 993; baseline 0.002 -16"><span class='ocrx_word' id='word_1_90' title='bbox 329 937 463 993; x_wconf 80' lang='lat' dir='ltr'>positis</span> <span class='ocrx_word' id='word_1_91' title='bbox 496 937 600 979; x_wconf 90' lang='lat' dir='ltr'>enim</span> <span class='ocrx_word' id='word_1_92' title='bbox 651 946 693 977; x_wconf 89' lang='lat' dir='ltr'>et</span> <span class='ocrx_word' id='word_1_93' title='bbox 728 938 913 990; x_wconf 82' lang='lat' dir='ltr'>organicis</span> <span class='ocrx_word' id='word_1_94' title='bbox 963 936 1044 977; x_wconf 91' lang='lat' dir='ltr'>dari</span> <span class='ocrx_word' id='word_1_95' title='bbox 1077 936 1218 977; x_wconf 90' lang='lat' dir='ltr'>debent</span> <span class='ocrx_word' id='word_1_96' title='bbox 1252 945 1379 990; x_wconf 87' lang='lat' dir='ltr'>partes</span> <span class='ocrx_word' id='word_1_97' title='bbox 1398 969 1410 990; x_wconf 84' lang='lat'>,</span> <span class='ocrx_word' id='word_1_98' title='bbox 1463 950 1558 991; x_wconf 89' lang='lat' dir='ltr'>quae</span> <span class='ocrx_word' id='word_1_99' title='bbox 1608 939 1652 980; x_wconf 81' lang='lat' dir='ltr'>vi</span> 
     </span>
     <span class='ocr_line' id='line_1_13' title="bbox 330 999 1656 1055; baseline 0.003 -15"><span class='ocrx_word' id='word_1_100' title='bbox 330 1000 471 1043; x_wconf 87' lang='lat' dir='ltr'>caloris</span> <span class='ocrx_word' id='word_1_101' title='bbox 489 1032 500 1051; x_wconf 89' lang='lat'>,</span> <span class='ocrx_word' id='word_1_102' title='bbox 542 1000 589 1042; x_wconf 87' lang='lat' dir='ltr'>ad</span> <span class='ocrx_word' id='word_1_103' title='bbox 628 1001 874 1042; x_wconf 85' lang='lat' dir='ltr'>excitandum</span> <span class='ocrx_word' id='word_1_104' title='bbox 916 1000 1106 1041; x_wconf 85' lang='lat' dir='ltr'>maiorem</span> <span class='ocrx_word' id='word_1_105' title='bbox 1146 999 1328 1040; x_wconf 88' lang='lat' dir='ltr'>elaterem</span> <span class='ocrx_word' id='word_1_106' title='bbox 1347 1034 1358 1053; x_wconf 86' lang='lat'>,</span> <span class='ocrx_word' id='word_1_107' title='bbox 1402 1002 1522 1055; x_wconf 85' lang='lat' dir='ltr'>magis</span> <span class='ocrx_word' id='word_1_108' title='bbox 1572 1014 1656 1044; x_wconf 84' lang='lat' dir='ltr'>ma·</span> 
     </span>
     <span class='ocr_line' id='line_1_14' title="bbox 328 1062 1651 1120; baseline 0.002 -16"><span class='ocrx_word' id='word_1_109' title='bbox 328 1064 460 1118; x_wconf 81' lang='lat' dir='ltr'>gisque</span> <span class='ocrx_word' id='word_1_110' title='bbox 493 1063 748 1116; x_wconf 85' lang='lat' dir='ltr'>exagitentur.</span> <span class='ocrx_word' id='word_1_111' title='bbox 813 1063 941 1117; x_wconf 57' lang='lat' dir='ltr'>Vnde,</span> <span class='ocrx_word' id='word_1_112' title='bbox 959 1076 1046 1105; x_wconf 89' lang='lat' dir='ltr'>cum</span> <span class='ocrx_word' id='word_1_113' title='bbox 1080 1075 1143 1103; x_wconf 87' lang='lat' dir='ltr'>aer</span> <span class='ocrx_word' id='word_1_114' title='bbox 1176 1062 1304 1104; x_wconf 87' lang='lat' dir='ltr'>calore</span> <span class='ocrx_word' id='word_1_115' title='bbox 1346 1064 1432 1105; x_wconf 87' lang='lat' dir='ltr'>solis</span> <span class='ocrx_word' id='word_1_116' title='bbox 1471 1066 1621 1106; x_wconf 86' lang='lat' dir='ltr'>rarescit</span> <span class='ocrx_word' id='word_1_117' title='bbox 1638 1100 1651 1120; x_wconf 89' lang='lat'>‚</span> 
     </span>
     <span class='ocr_line' id='line_1_15' title="bbox 329 1125 1654 1185; baseline 0.002 -17"><span class='ocrx_word' id='word_1_118' title='bbox 329 1127 399 1170; x_wconf 78' lang='lat' dir='ltr'>fiat</span> <span class='ocrx_word' id='word_1_119' title='bbox 431 1125 582 1169; x_wconf 86' lang='lat' dir='ltr'>necesse</span> <span class='ocrx_word' id='word_1_120' title='bbox 614 1126 667 1166; x_wconf 92' lang='lat' dir='ltr'>est</span> <span class='ocrx_word' id='word_1_121' title='bbox 687 1158 697 1178; x_wconf 89' lang='lat'>,</span> <span class='ocrx_word' id='word_1_122' title='bbox 729 1135 775 1166; x_wconf 76' lang='lat' dir='ltr'>vt</span> <span class='ocrx_word' id='word_1_123' title='bbox 807 1127 905 1166; x_wconf 89' lang='lat' dir='ltr'>radii</span> <span class='ocrx_word' id='word_1_124' title='bbox 936 1125 1036 1166; x_wconf 87' lang='lat' dir='ltr'>illius</span> <span class='ocrx_word' id='word_1_125' title='bbox 1069 1126 1278 1179; x_wconf 84' lang='lat' dir='ltr'>quamlibet</span> <span class='ocrx_word' id='word_1_126' title='bbox 1317 1129 1543 1180; x_wconf 84' lang='lat' dir='ltr'>particulam</span> <span class='ocrx_word' id='word_1_127' title='bbox 1585 1142 1654 1185; x_wconf 91' lang='lat' dir='ltr'>pe-</span> 
     </span>
     <span class='ocr_line' id='line_1_16' title="bbox 329 1187 1654 1245; baseline 0.002 -14"><span class='ocrx_word' id='word_1_128' title='bbox 329 1198 499 1231; x_wconf 87' lang='lat' dir='ltr'>netrent.</span> <span class='ocrx_word' id='word_1_129' title='bbox 566 1188 718 1245; x_wconf 79' lang='lat' dir='ltr'>Quibus</span> <span class='ocrx_word' id='word_1_130' title='bbox 757 1189 942 1243; x_wconf 87' lang='lat' dir='ltr'>quoniam</span> <span class='ocrx_word' id='word_1_131' title='bbox 982 1200 1036 1229; x_wconf 87' lang='lat' dir='ltr'>ex</span> <span class='ocrx_word' id='word_1_132' title='bbox 1076 1187 1199 1229; x_wconf 92' lang='lat' dir='ltr'>fluido</span> <span class='ocrx_word' id='word_1_133' title='bbox 1239 1189 1417 1230; x_wconf 86' lang='lat' dir='ltr'>aethereo</span> <span class='ocrx_word' id='word_1_134' title='bbox 1460 1192 1654 1233; x_wconf 84' lang='lat' dir='ltr'>ambiente</span> 
     </span>
     <span class='ocr_line' id='line_1_17' title="bbox 329 1250 1655 1309; baseline 0.002 -15"><span class='ocrx_word' id='word_1_135' title='bbox 329 1252 411 1309; x_wconf 84' lang='lat' dir='ltr'>(vel</span> <span class='ocrx_word' id='word_1_136' title='bbox 445 1254 472 1296; x_wconf 88' lang='lat' dir='ltr'><strong>fi</strong></span> <span class='ocrx_word' id='word_1_137' title='bbox 507 1255 627 1296; x_wconf 90' lang='lat' dir='ltr'>mauis</span> <span class='ocrx_word' id='word_1_138' title='bbox 660 1265 712 1294; x_wconf 86' lang='lat' dir='ltr'>ex</span> <span class='ocrx_word' id='word_1_139' title='bbox 746 1251 888 1309; x_wconf 78' lang='lat' dir='ltr'>vacuo)</span> <span class='ocrx_word' id='word_1_140' title='bbox 920 1252 961 1292; x_wconf 91' lang='lat' dir='ltr'>in</span> <span class='ocrx_word' id='word_1_141' title='bbox 989 1250 1125 1293; x_wconf 86' lang='lat' dir='ltr'>solidas</span> <span class='ocrx_word' id='word_1_142' title='bbox 1159 1252 1379 1306; x_wconf 84' lang='lat' dir='ltr'>particulas,</span> <span class='ocrx_word' id='word_1_143' title='bbox 1414 1266 1510 1308; x_wconf 86' lang='lat' dir='ltr'>quae</span> <span class='ocrx_word' id='word_1_144' title='bbox 1542 1254 1583 1295; x_wconf 87' lang='lat' dir='ltr'>in</span> <span class='ocrx_word' id='word_1_145' title='bbox 1608 1254 1655 1297; x_wconf 88' lang='lat' dir='ltr'>il-</span> 
     </span>
     <span class='ocr_line' id='line_1_18' title="bbox 328 1314 1655 1371; baseline -0.001 -10"><span class='ocrx_word' id='word_1_146' title='bbox 328 1318 379 1361; x_wconf 88' lang='lat' dir='ltr'>lo</span> <span class='ocrx_word' id='word_1_147' title='bbox 406 1318 590 1361; x_wconf 82' lang='lat' dir='ltr'>subsident</span> <span class='ocrx_word' id='word_1_148' title='bbox 608 1351 625 1371; x_wconf 56' lang='grc'>,</span> <span class='ocrx_word' id='word_1_149' title='bbox 662 1317 836 1371; x_wconf 88' lang='lat' dir='ltr'>adeoque</span> <span class='ocrx_word' id='word_1_150' title='bbox 876 1314 1050 1371; x_wconf 91' lang='lat' dir='ltr'>specifice</span> <span class='ocrx_word' id='word_1_151' title='bbox 1083 1315 1275 1370; x_wconf 88' lang='lat' dir='ltr'>grauiores</span> <span class='ocrx_word' id='word_1_152' title='bbox 1314 1315 1398 1357; x_wconf 90' lang='lat' dir='ltr'>sunt</span> <span class='ocrx_word' id='word_1_153' title='bbox 1416 1351 1427 1370; x_wconf 84' lang='lat'>‚</span> <span class='ocrx_word' id='word_1_154' title='bbox 1471 1316 1655 1360; x_wconf 86' lang='lat' dir='ltr'>infinities</span> 
     </span>
     <span class='ocr_line' id='line_1_19' title="bbox 321 1379 1655 1436; baseline -0.001 -11"><span class='ocrx_word' id='word_1_155' title='bbox 321 1382 595 1426; x_wconf 68' lang='lat' dir='ltr'>:transeundum</span> <span class='ocrx_word' id='word_1_156' title='bbox 632 1382 726 1436; x_wconf 88' lang='lat' dir='ltr'>erit;</span> <span class='ocrx_word' id='word_1_157' title='bbox 762 1381 801 1422; x_wconf 91' lang='lat' dir='ltr'>id</span> <span class='ocrx_word' id='word_1_158' title='bbox 819 1381 924 1422; x_wconf 91' lang='lat' dir='ltr'>circo</span> <span class='ocrx_word' id='word_1_159' title='bbox 956 1379 1041 1421; x_wconf 91' lang='lat' dir='ltr'>fieri</span> <span class='ocrx_word' id='word_1_160' title='bbox 1073 1380 1114 1422; x_wconf 88' lang='lat' dir='ltr'>id</span> <span class='ocrx_word' id='word_1_161' title='bbox 1131 1380 1263 1434; x_wconf 87' lang='lat' dir='ltr'>nequit</span> <span class='ocrx_word' id='word_1_162' title='bbox 1281 1413 1292 1432; x_wconf 89' lang='lat'>,</span> <span class='ocrx_word' id='word_1_163' title='bbox 1327 1380 1396 1422; x_wconf 89' lang='lat' dir='ltr'>nifi</span> <span class='ocrx_word' id='word_1_164' title='bbox 1429 1381 1470 1422; x_wconf 93' lang='lat' dir='ltr'>in</span> <span class='ocrx_word' id='word_1_165' title='bbox 1488 1382 1655 1436; x_wconf 85' lang='lat' dir='ltr'>qualibet</span> 
     </span>
     <span class='ocr_line' id='line_1_20' title="bbox 327 1440 1654 1501; baseline -0.002 -13"><span class='ocrx_word' id='word_1_166' title='bbox 327 1447 516 1501; x_wconf 84' lang='lat' dir='ltr'>particula</span> <span class='ocrx_word' id='word_1_167' title='bbox 530 1447 625 1488; x_wconf 90' lang='lat' dir='ltr'>aeris</span> <span class='ocrx_word' id='word_1_168' title='bbox 642 1447 685 1486; x_wconf 92' lang='lat' dir='ltr'>in.</span> <span class='ocrx_word' id='word_1_169' title='bbox 699 1442 866 1499; x_wconf 80' lang='lat' dir='ltr'>ingrefl‘u</span> <span class='ocrx_word' id='word_1_170' title='bbox 899 1454 938 1486; x_wconf 90' lang='lat' dir='ltr'>et</span> <span class='ocrx_word' id='word_1_171' title='bbox 956 1440 1101 1498; x_wconf 76' lang='lat' dir='ltr'>egressu</span> <span class='ocrx_word' id='word_1_172' title='bbox 1141 1441 1414 1486; x_wconf 62' lang='lat' dir='ltr'>refractionem</span> <span class='ocrx_word' id='word_1_173' title='bbox 1447 1446 1654 1500; x_wconf 87' lang='lat' dir='ltr'>patiantur.</span> 
     </span>
     <span class='ocr_line' id='line_1_21' title="bbox 327 1507 1654 1565; baseline -0.002 -12"><span class='ocrx_word' id='word_1_174' title='bbox 327 1511 384 1553; x_wconf 89' lang='lat' dir='ltr'>Et</span> <span class='ocrx_word' id='word_1_175' title='bbox 416 1512 589 1565; x_wconf 85' lang='lat' dir='ltr'>quamuis</span> <span class='ocrx_word' id='word_1_176' title='bbox 621 1511 661 1551; x_wconf 91' lang='lat' dir='ltr'>in</span> <span class='ocrx_word' id='word_1_177' title='bbox 696 1509 889 1563; x_wconf 85' lang='lat' dir='ltr'>particulis</span> <span class='ocrx_word' id='word_1_178' title='bbox 921 1507 1109 1549; x_wconf 87' lang='lat' dir='ltr'>eiusmodi</span> <span class='ocrx_word' id='word_1_179' title='bbox 1141 1507 1320 1548; x_wconf 67' lang='lat' dir='ltr'>refracstio</span> <span class='ocrx_word' id='word_1_180' title='bbox 1359 1508 1458 1550; x_wconf 85' lang='lat' dir='ltr'>forte</span> <span class='ocrx_word' id='word_1_181' title='bbox 1491 1509 1560 1550; x_wconf 91' lang='lat' dir='ltr'>fiat</span> <span class='ocrx_word' id='word_1_182' title='bbox 1592 1511 1654 1551; x_wconf 85' lang='lat' dir='ltr'>in·</span> 
     </span>
     <span class='ocr_line' id='line_1_22' title="bbox 326 1570 1650 1629; baseline -0.002 -11"><span class='ocrx_word' id='word_1_183' title='bbox 326 1574 438 1619; x_wconf 85' lang='lat' dir='ltr'>finite</span> <span class='ocrx_word' id='word_1_184' title='bbox 471 1586 618 1629; x_wconf 73' lang='lat' dir='ltr'>parua3</span> <span class='ocrx_word' id='word_1_185' title='bbox 654 1585 675 1613; x_wconf 87' lang='lat' dir='ltr'>a</span> <span class='ocrx_word' id='word_1_186' title='bbox 699 1571 893 1626; x_wconf 88' lang='lat' dir='ltr'>superficie</span> <span class='ocrx_word' id='word_1_187' title='bbox 924 1581 1055 1612; x_wconf 88' lang='lat' dir='ltr'>tamen</span> <span class='ocrx_word' id='word_1_188' title='bbox 1089 1570 1374 1624; x_wconf 88' lang='lat' dir='ltr'>atmosphaerae</span> <span class='ocrx_word' id='word_1_189' title='bbox 1407 1572 1454 1613; x_wconf 91' lang='lat' dir='ltr'>ad</span> <span class='ocrx_word' id='word_1_190' title='bbox 1472 1573 1650 1616; x_wconf 88' lang='lat' dir='ltr'>tellurem</span> 
     </span>
     <span class='ocr_line' id='line_1_23' title="bbox 322 1633 1654 1694; baseline -0.002 -14"><span class='ocrx_word' id='word_1_191' title='bbox 322 1651 448 1694; x_wconf 64' lang='lat' dir='ltr'>‘vsque</span> <span class='ocrx_word' id='word_1_192' title='bbox 483 1637 601 1692; x_wconf 77' lang='lat' dir='ltr'>ipsam</span> <span class='ocrx_word' id='word_1_193' title='bbox 634 1637 675 1677; x_wconf 92' lang='lat' dir='ltr'>in</span> <span class='ocrx_word' id='word_1_194' title='bbox 707 1635 898 1691; x_wconf 83' lang='lat' dir='ltr'>particulis</span> <span class='ocrx_word' id='word_1_195' title='bbox 930 1646 1094 1676; x_wconf 90' lang='lat' dir='ltr'>numero</span> <span class='ocrx_word' id='word_1_196' title='bbox 1126 1633 1287 1675; x_wconf 88' lang='lat' dir='ltr'>infinitis</span> <span class='ocrx_word' id='word_1_197' title='bbox 1318 1634 1480 1676; x_wconf 68' lang='lat' dir='ltr'>refracta</span> <span class='ocrx_word' id='word_1_198' title='bbox 1511 1636 1581 1680; x_wconf 83' lang='lat' dir='ltr'>lux</span> <span class='ocrx_word' id='word_1_199' title='bbox 1600 1638 1654 1679; x_wconf 86' lang='lat' dir='ltr'>ita</span> 
     </span>
     <span class='ocr_line' id='line_1_24' title="bbox 323 1698 1652 1755; baseline -0.003 -9"><span class='ocrx_word' id='word_1_200' title='bbox 323 1702 428 1748; x_wconf 78' lang='lat' dir='ltr'>soret</span> <span class='ocrx_word' id='word_1_201' title='bbox 459 1702 674 1753; x_wconf 87' lang='lat' dir='ltr'>debilitata,</span> <span class='ocrx_word' id='word_1_202' title='bbox 709 1708 753 1741; x_wconf 85' lang='lat' dir='ltr'>vt</span> <span class='ocrx_word' id='word_1_203' title='bbox 770 1712 843 1740; x_wconf 89' lang='lat' dir='ltr'>nos</span> <span class='ocrx_word' id='word_1_204' title='bbox 873 1699 1102 1753; x_wconf 87' lang='lat' dir='ltr'>sempiterna</span> <span class='ocrx_word' id='word_1_205' title='bbox 1134 1698 1176 1738; x_wconf 91' lang='lat' dir='ltr'>in</span> <span class='ocrx_word' id='word_1_206' title='bbox 1208 1698 1325 1739; x_wconf 71' lang='lat' dir='ltr'>nocte</span> <span class='ocrx_word' id='word_1_207' title='bbox 1357 1700 1494 1740; x_wconf 77' lang='lat' dir='ltr'>versari</span> <span class='ocrx_word' id='word_1_208' title='bbox 1530 1713 1652 1755; x_wconf 88' lang='lat' dir='ltr'>opor-</span> 
     </span>
     <span class='ocr_line' id='line_1_25' title="bbox 327 1761 1655 1817; baseline -0.002 -8"><span class='ocrx_word' id='word_1_209' title='bbox 327 1776 438 1810; x_wconf 84' lang='lat' dir='ltr'>teret.</span> <span class='ocrx_word' id='word_1_210' title='bbox 502 1766 552 1808; x_wconf 93' lang='lat' dir='ltr'>Id</span> <span class='ocrx_word' id='word_1_211' title='bbox 585 1774 716 1806; x_wconf 85' lang='lat' dir='ltr'>autem</span> <span class='ocrx_word' id='word_1_212' title='bbox 749 1763 862 1804; x_wconf 78' lang='lat' dir='ltr'>simili</span> <span class='ocrx_word' id='word_1_213' title='bbox 896 1762 1083 1817; x_wconf 84' lang='lat' dir='ltr'>exemplo</span> <span class='ocrx_word' id='word_1_214' title='bbox 1117 1761 1400 1803; x_wconf 88' lang='lat' dir='ltr'>confirmatur:</span> <span class='ocrx_word' id='word_1_215' title='bbox 1442 1763 1655 1817; x_wconf 87' lang='lat' dir='ltr'>particulae</span> 
     </span>
     <span class='ocr_line' id='line_1_26' title="bbox 325 1826 1653 1883; baseline -0.002 -11"><span class='ocrx_word' id='word_1_216' title='bbox 325 1832 436 1873; x_wconf 81' lang='lat' dir='ltr'>enim</span> <span class='ocrx_word' id='word_1_217' title='bbox 476 1830 538 1872; x_wconf 90' lang='lat' dir='ltr'>seu</span> <span class='ocrx_word' id='word_1_218' title='bbox 579 1827 795 1872; x_wconf 87' lang='lat' dir='ltr'>moleculae</span> <span class='ocrx_word' id='word_1_219' title='bbox 836 1840 954 1882; x_wconf 89' lang='lat' dir='ltr'>aquae</span> <span class='ocrx_word' id='word_1_220' title='bbox 992 1839 1045 1867; x_wconf 89' lang='lat' dir='ltr'>ex</span> <span class='ocrx_word' id='word_1_221' title='bbox 1090 1827 1231 1867; x_wconf 89' lang='lat' dir='ltr'>atomis</span> <span class='ocrx_word' id='word_1_222' title='bbox 1273 1826 1350 1866; x_wconf 87' lang='lat' dir='ltr'>eius</span> <span class='ocrx_word' id='word_1_223' title='bbox 1399 1837 1625 1882; x_wconf 86' lang='lat' dir='ltr'>aggregatae</span> <span class='ocrx_word' id='word_1_224' title='bbox 1640 1862 1653 1883; x_wconf 85' lang='lat'>‚</span> 
     </span>
     <span class='ocr_line' id='line_1_27' title="bbox 325 1889 1656 1951; baseline -0.003 -13"><span class='ocrx_word' id='word_1_225' title='bbox 325 1908 427 1951; x_wconf 85' lang='lat' dir='ltr'>quae</span> <span class='ocrx_word' id='word_1_226' title='bbox 458 1894 577 1937; x_wconf 89' lang='lat' dir='ltr'>nubes</span> <span class='ocrx_word' id='word_1_227' title='bbox 617 1892 850 1934; x_wconf 88' lang='lat' dir='ltr'>constituunt</span> <span class='ocrx_word' id='word_1_228' title='bbox 867 1925 880 1945; x_wconf 86' lang='lat'>,</span> <span class='ocrx_word' id='word_1_229' title='bbox 921 1890 1068 1932; x_wconf 81' lang='lat' dir='ltr'>etiamsi</span> <span class='ocrx_word' id='word_1_230' title='bbox 1109 1889 1247 1931; x_wconf 89' lang='lat' dir='ltr'>leuiter</span> <span class='ocrx_word' id='word_1_231' title='bbox 1286 1890 1496 1932; x_wconf 86' lang='lat' dir='ltr'>admodum</span> <span class='ocrx_word' id='word_1_232' title='bbox 1527 1891 1656 1937; x_wconf 86' lang='lat' dir='ltr'>lucem</span> 
     </span>
     <span class='ocr_line' id='line_1_28' title="bbox 326 1953 1656 2013; baseline -0.004 -11"><span class='ocrx_word' id='word_1_233' title='bbox 326 1958 495 2013; x_wconf 86' lang='lat' dir='ltr'>fingulae</span> <span class='ocrx_word' id='word_1_234' title='bbox 529 1956 740 2012; x_wconf 81' lang='lat' dir='ltr'>refringunt</span> <span class='ocrx_word' id='word_1_235' title='bbox 757 1989 768 2009; x_wconf 90' lang='lat'>‚</span> <span class='ocrx_word' id='word_1_236' title='bbox 803 1965 842 1996; x_wconf 91' lang='lat' dir='ltr'>et</span> <span class='ocrx_word' id='word_1_237' title='bbox 874 1957 914 1995; x_wconf 91' lang='lat' dir='ltr'>in</span> <span class='ocrx_word' id='word_1_238' title='bbox 932 1955 1053 2009; x_wconf 88' lang='lat' dir='ltr'>spatio</span> <span class='ocrx_word' id='word_1_239' title='bbox 1087 1965 1169 1994; x_wconf 91' lang='lat' dir='ltr'>non</span> <span class='ocrx_word' id='word_1_240' title='bbox 1205 1953 1319 1994; x_wconf 88' lang='lat' dir='ltr'>nimis</span> <span class='ocrx_word' id='word_1_241' title='bbox 1351 1965 1496 2008; x_wconf 83' lang='lat' dir='ltr'>magno</span> <span class='ocrx_word' id='word_1_242' title='bbox 1529 1955 1656 2010; x_wconf 85' lang='lat' dir='ltr'>pellu-</span> 
     </span>
     <span class='ocr_line' id='line_1_29' title="bbox 327 2017 1650 2073; baseline -0.003 -9"><span class='ocrx_word' id='word_1_243' title='bbox 327 2024 476 2066; x_wconf 87' lang='lat' dir='ltr'>ciditati</span> <span class='ocrx_word' id='word_1_244' title='bbox 509 2023 606 2064; x_wconf 79' lang='lat' dir='ltr'>ae&#39;ris</span> <span class='ocrx_word' id='word_1_245' title='bbox 640 2033 720 2062; x_wconf 92' lang='lat' dir='ltr'>non</span> <span class='ocrx_word' id='word_1_246' title='bbox 755 2019 969 2073; x_wconf 73' lang='lat' dir='ltr'>officiunt3</span> <span class='ocrx_word' id='word_1_247' title='bbox 1005 2017 1150 2059; x_wconf 78' lang='lat' dir='ltr'>densius</span> <span class='ocrx_word' id='word_1_248' title='bbox 1182 2024 1312 2058; x_wconf 89' lang='lat' dir='ltr'>tamen</span> <span class='ocrx_word' id='word_1_249' title='bbox 1345 2026 1387 2059; x_wconf 90' lang='lat' dir='ltr'>et</span> <span class='ocrx_word' id='word_1_250' title='bbox 1419 2018 1528 2060; x_wconf 86' lang='lat' dir='ltr'>altius</span> <span class='ocrx_word' id='word_1_251' title='bbox 1560 2032 1650 2060; x_wconf 88' lang='lat' dir='ltr'>con-</span> 
     </span>
     <span class='ocr_line' id='line_1_30' title="bbox 330 2079 1657 2140; baseline -0.003 -14"><span class='ocrx_word' id='word_1_252' title='bbox 330 2085 455 2140; x_wconf 82' lang='lat' dir='ltr'>gestae</span> <span class='ocrx_word' id='word_1_253' title='bbox 487 2085 604 2140; x_wconf 82' lang='lat' dir='ltr'>piceo</span> <span class='ocrx_word' id='word_1_254' title='bbox 633 2084 765 2127; x_wconf 86' lang='lat' dir='ltr'>colore</span> <span class='ocrx_word' id='word_1_255' title='bbox 797 2084 953 2128; x_wconf 84' lang='lat' dir='ltr'>coelum</span> <span class='ocrx_word' id='word_1_256' title='bbox 987 2081 1200 2132; x_wconf 83' lang='lat' dir='ltr'>obducunt,</span> <span class='ocrx_word' id='word_1_257' title='bbox 1234 2089 1273 2120; x_wconf 86' lang='lat' dir='ltr'>et</span> <span class='ocrx_word' id='word_1_258' title='bbox 1306 2079 1395 2125; x_wconf 90' lang='lat' dir='ltr'>lucis</span> <span class='ocrx_word' id='word_1_259' title='bbox 1427 2083 1657 2131; x_wconf 69' lang='lat' dir='ltr'>meridianae</span> 
     </span>
     <span class='ocr_line' id='line_1_31' title="bbox 330 2142 1650 2206; baseline -0.003 -14"><span class='ocrx_word' id='word_1_260' title='bbox 330 2149 444 2206; x_wconf 58' lang='lat' dir='ltr'>ysum</span> <span class='ocrx_word' id='word_1_261' title='bbox 461 2147 537 2191; x_wconf 82' lang='lat' dir='ltr'>fere</span> <span class='ocrx_word' id='word_1_262' title='bbox 554 2160 718 2194; x_wconf 87' lang='lat' dir='ltr'>omnem</span> <span class='ocrx_word' id='word_1_263' title='bbox 736 2146 941 2202; x_wconf 87' lang='lat' dir='ltr'>aliquando</span> <span class='ocrx_word' id='word_1_264' title='bbox 959 2143 1169 2203; x_wconf 78' lang='lat' dir='ltr'>prohibere</span> <span class='ocrx_word' id='word_1_265' title='bbox 1185 2142 1320 2205; x_wconf 52' lang='lat' dir='ltr'>solent:</span> <span class='ocrx_word' id='word_1_266' title='bbox 1551 2147 1586 2201; x_wconf 67' lang='lat'>§-</span> <span class='ocrx_word' id='word_1_267' title='bbox 1606 2156 1650 2202; x_wconf 59' lang='lat' dir='ltr'>7S</span> 
     </span>
    </p>
   </div>
  </div>
 </body>
</html>
