1820 2506
585 177 700 227 »ἓέέῖ
735 174 748 231 (
785 189 811 215 0
849 174 861 231 )
897 176 1012 228 &1030
1319 192 1413 231 497

386 285 771 345 ECLIPSIS
801 285 1138 344 »LVNAE

246 374 352 415 Anni
382 389 576 413 mnccxzvm
617 374 678 414 die
715 387 772 424 29
813 373 953 414 Menfis
994 375 1081 415 Iulii
1117 376 1160 416 st.
1195 389 1236 416 v.

119 437 199 480 EX
233 437 676 483 OBSERVATORIO
708 439 1109 482 IMPERATORIO
1137 441 1386 484 REPARA-

524 504 603 545 TO
636 502 976 546 OBSERVATA

507 646 649 705 Ioseph.
688 605 766 691 ΑΞ.
802 647 976 689 Brazmio.

84 717 272 834 Quod
305 730 381 770 fere
416 729 457 769 in
491 730 670 770 omnibus
711 727 911 781 eclipfium
955 726 1144 767 lunarium
1177 729 1411 771 obseruatio-

230 793 337 833 nibus
378 794 602 846 contingere
641 792 766 844 solet,
806 801 851 830 vt
884 790 1157 831 difficillimum
1202 793 1246 833 fit
1278 796 1408 835 termi-

80 868 150 895 nos
182 856 340 897 vmbrae
375 858 553 897 terrestris
583 867 621 898 et
642 857 871 910 penumbrac
901 855 1125 907 distinguere
1145 889 1155 907 ,
1191 858 1229 897 id
1257 872 1408 912 quoque

78 920 120 959 in
153 921 339 973 praesenti
373 933 443 960 nos
486 920 561 960 effe
602 931 787 973 expertos
830 918 1095 958 confitendum
1141 920 1205 958 est.
1261 921 1408 962 Vmbra

79 984 184 1024 enim
236 985 415 1025 terrestris
468 985 521 1025 ita
569 985 687 1025 diluta
731 993 770 1024 et
810 983 915 1023 male
958 984 1161 1023 terminata
1200 985 1373 1039 adparuit
1393 1017 1404 1037 ,

76 1058 122 1087 vt
169 1054 256 1088 cum
306 1048 518 1102 penumbra
557 1047 711 1087 confusa
752 1048 826 1086 vix
866 1059 911 1085 ac
946 1059 996 1085 ne
1029 1047 1102 1087 vix
1136 1049 1291 1100 quidem
1344 1050 1402 1090 di-

74 1111 208 1163 stingui
260 1112 444 1164 potuerit.
505 1111 822 1151 obseruationem
872 1108 968 1149 tubo
1011 1109 1096 1149 astr.
1148 1123 1201 1148 12
1255 1114 1399 1167 pedum

75 1173 203 1214 Lond.
250 1176 500 1215 micrometro
540 1174 751 1215 Kirchiano
790 1173 975 1213 instruc‘to
1008 1174 1262 1229 instituimus,
1296 1179 1402 1217 cuius

71 1238 225 1291 potiora
267 1247 470 1278 momenta
510 1237 614 1290 sunt,
653 1250 750 1292 quae
785 1236 1004 1291 sequuntur,
1049 1237 1251 1280 stecundum
1294 1248 1401 1280 tem-

68 1314 138 1355 pus
181 1314 318 1343 verum
358 1302 537 1343 adnotata
552 1335 564 1355 ,
611 1311 796 1358 quantum
830 1314 902 1358 per
940 1298 1184 1343 difficultates
1216 1315 1399 1346 comme-

68 1374 238 1406 moratas
268 1366 390 1407 facere
420 1366 540 1406 licuit.

262 1463 313 1502 H.
382 1462 444 1504 M.
526 1459 567 1501 S.

256 1527 304 1565 0⁷
377 1540 430 1566 10
508 1537 569 1575 :34
635 1526 797 1568 Initium
832 1527 1036 1567 :testim-aui.

376 1601 430 1641 19
507 1600 563 1639 17
629 1590 778 1632 Vmbra
811 1592 932 1643 tangit
963 1605 1072 1631 mare
1104 1592 1328 1636 humorum.

373 1667 427 1704 23
541 1667 570 1703 9
690 1679 709 1684 -
824 1681 838 1685 -
988 1654 1241 1698 Gaffendum.

368 1732 426 1768 24
505 1728 527 1765 ς
535 1730 561 1756 0
629 1715 831 1770 capuanus
840 1717 950 1770 plane
963 1719 1156 1760 immersus
1165 1722 1327 1763 Vmbrae
1337 1722 1389 1764 est

368 1790 428 1829 27
534 1794 563 1830 9
627 1781 779 1822 Vmbra
819 1782 867 1821 ad
908 1782 1160 1834 Tychonem.

368 1859 394 1885 2
405 1853 427 1888 8
509 1854 532 1894 5
541 1855 564 1894 5
686 1872 704 1877 -
820 1867 838 1875 -
975 1845 1235 1889 Grimssldum.

367 1924 392 1962 3
403 1923 421 1949 1
499 1922 556 1959 41
681 1932 699 1940 -—
816 1935 834 1941 -
982 1911 1228 1953 Bullialdum.

253 1985 273 2013 1
389 1988 418 2015 0
486 1987 504 2012 1
518 1981 540 2016 8
575 1973 752 2015 Maxima
770 1974 1045 2016 obscuratio:
1058 1989 1079 2025 5
1104 1978 1179 2029 dig.
1206 1987 1275 2025 23.
1287 1980 1386 2021 min,

391 2053 422 2091 4
496 2049 553 2089 50
587 2037 809 2081 Grimaldus
850 2052 1045 2093 emergere
1087 2042 1231 2095 coepit.

119 2164 240 2205 Tom.
273 2162 309 2205 1.
666 2168 704 2210 R
736 2179 755 2206 r
785 2179 806 2207 r
1322 2188 1383 2225 49
