1820 2506
385 199 693 252 RARIORVM
728 199 1108 245 PLANTARVM.
1311 210 1398 256 333
1455 168 1466 177 “b

200 324 298 366 icon
333 324 422 365 fistit
455 324 626 378 plantam
660 321 816 363 naturali
850 321 1124 374 magnitudine.
1160 317 1196 376 a)
1231 315 1401 360 Stamina

86 397 125 430 et
157 389 335 442 pistillum
370 389 474 428 nudo
507 387 622 428 oculo
656 386 854 440 conspicua
876 418 887 437 ,
919 382 968 439 b)
1011 385 1145 426 eadem
1179 384 1281 426 lente
1319 383 1402 439 spe-

87 452 188 494 {tata
223 451 274 508 c).
307 450 464 493 stamen
497 451 618 492 maius
651 450 825 504 squamae
855 448 1030 490 insistens.

509 544 590 586 DE
631 542 979 587 THALICTRO.

236 614 353 659 caule
390 613 530 670 rant-tyb
549 649 559 667 ‚
597 619 718 657 ramis
752 615 962 671 plerumque
996 613 1256 659 heteromallis.
1430 630 1499 660 τεὼ.
1520 628 1586 659 xv.

206 703 312 745 Haec
351 714 504 755 quoque
553 702 683 755 planta
726 714 748 741 e
787 701 987 741 seminibus
1027 713 1047 741 a
1083 701 1118 741 b.
1158 698 1320 741 Stellero
1352 707 1405 741 a0.
1450 672 1499 709 fig*
1526 680 1556 702 ²'

97 776 210 817 1743
257 766 303 805 ad
341 762 642 806 Camtlcliatcam
683 764 793 804 leelis
831 774 872 805 et
902 763 1113 805 transmissis
1143 763 1208 805 sub
1247 764 1410 805 nomine

92 829 278 870 Thalidtri
317 828 472 868 minimi
512 829 714 868 seminibus
761 841 783 868 e
822 828 1060 881 singularibus
1096 828 1278 882 pediculis
1317 839 1408 881 qua-

91 894 204 934 ternis
221 924 232 944 ,
274 892 405 931 striatis
423 923 434 942 ,
485 902 592 932 enata
634 892 687 931 est
706 924 716 943 ,
759 892 806 930 de
842 905 914 943 qua
954 901 1085 930 tamen
1118 892 1196 943 ipse
1228 890 1412 930 Stellerus

92 955 191 997 nihil
224 964 373 1008 praeter
406 967 553 993 nomen
585 955 794 994 memoriae
827 953 1012 1006 prodidit.

207 1023 310 1065 Cum
343 1024 547 1064 Thaiietro
581 1023 778 1065 seminibus
810 1023 1093 1077 triangularibus
1126 1023 1318 1077 pendulis,
1345 1022 1410 1063 sti-

90 1089 189 1143 pulis
230 1088 340 1128 nullis
379 1085 463 1127 Cel.
517 1086 690 1127 Gmeliiii
709 1118 719 1137 ‚
754 1096 834 1125 tam
867 1098 946 1138 quo
977 1087 1025 1126 ad
1058 1086 1232 1127 habitum
1250 1119 1261 1137 ,
1294 1099 1412 1140 quam

90 1165 169 1206 quo
196 1152 244 1190 ad
274 1151 455 1190 foliorum
474 1148 635 1201 figuram
655 1181 666 1200 ,
701 1148 830 1187 nostro
850 1148 1018 1188 multum
1043 1150 1231 1188 conuenit
1253 1162 1264 1202 '⁷
1301 1150 1410 1189 semi-

93 1227 144 1253 na
174 1223 304 1253 tamen
337 1213 485 1252 nostrae
517 1213 669 1266 plantae
703 1212 827 1251 erest-a
847 1248 857 1267 ,
892 1224 1107 1265 eorumque
1140 1211 1260 1265 figura
1295 1222 1341 1252 vt
1375 1220 1413 1251 et
1475 1244 1480 1247 .

97 1289 292 1317 ramorum
324 1275 516 1328 dispositio
554 1276 726 1327 suadent,
767 1286 812 1315 vt
845 1274 1067 1329 separemus.

213 1339 338 1379 Pedali
370 1339 424 1379 est
455 1338 685 1393 plerumque
717 1339 924 1379 altitudine.
993 1337 1119 1379 Caulis
1151 1353 1225 1394 pro
1259 1338 1414 1393 plantae

98 1402 232 1443 statura
280 1400 415 1442 craffus
435 1434 446 1453 ‚
492 1415 617 1455 penna
657 1401 799 1442 scilicet
838 1402 1002 1442 anserina
1046 1416 1125 1442 non
1158 1404 1322 1445 multum
1357 1413 1416 1443 te-

99 1466 363 1517 nuior‚teres,
397 1465 544 1518 glaber,
579 1465 720 1505 striatus
738 1499 748 1517 ‚
786 1466 917 1505 viridis
935 1499 947 1518 ,
980 1465 1157 1520 foliosus,
1192 1467 1288 1508 infra
1321 1479 1416 1520 pro-

97 1529 306 1579 cumbens,
346 1538 469 1568 cetera
503 1529 646 1568 erastus
678 1539 742 1568 aut
774 1529 983 1568 ascendens.

214 1598 322 1639 Folia
356 1598 501 1638 caulina
543 1598 715 1650 alterna,
758 1598 941 1651 petiolata
962 1632 971 1650 ,
1007 1600 1205 1653 duplicato
1240 1600 1412 1653 pinnata.

98 1660 250 1703 Foliola
289 1661 516 1702 subrotunda
535 1694 545 1712 ‚
588 1662 811 1716 plerumque
851 1661 978 1701 trifida
999 1696 1009 1714 ,
1052 1676 1130 1702 non
1172 1676 1256 1703 raro
1299 1664 1415 1703 etiam

100 1724 213 1765 bifida
244 1734 308 1764 aut
339 1726 512 1777 integra,
546 1725 723 1765 infieriora
758 1724 915 1776 obtusa,
949 1725 1140 1780 superiora
1171 1727 1290 1780 paulo
1324 1739 1416 1780 pro-

102 1788 273 1827 duffiora
303 1796 342 1825 et
358 1789 533 1836 acutiora,
570 1789 707 1840 exigua
726 1822 736 1840 ‚
777 1801 819 1836 2}
849 1789 926 1829 scil.
949 1789 1017 1830 lin.
1055 1791 1126 1829 vix
1146 1791 1414 1843 excendentia,

102 1850 236 1890 viridia
268 1858 330 1888 aut
364 1849 401 1887 in
436 1849 611 1901 glaucum
644 1864 724 1890 non
757 1853 853 1892 nihil
887 1855 1096 1907 vergentia.

221 1924 335 1965 Rami
365 1935 387 1962 e
418 1923 565 1975 singulis
598 1924 781 1965 foliorum
822 1927 888 1966 alis
927 1928 1056 1981 singuli
1076 1962 1086 1979 ,
1126 1929 1259 1980 longi,
1294 1941 1412 1982 aeque

105 1998 150 2026 ac
195 1986 308 2025 caulis
356 1986 492 2026 ramosi
511 2019 522 2038 ,
556 1990 671 2027 ramis
711 1989 959 2042 superioribus
1005 1992 1140 2043 nudis,
1181 1993 1418 2033 inferioribus

105 2062 187 2090 vno
215 2048 311 2089 folio
343 2050 440 2090 circa
472 2051 641 2092 mediam
671 2052 952 2106 longitudinem
993 2055 1148 2096 vestitis.

1273 2119 1419 2161 Extre-
