1820 2506
387 212 405 241 ι
416 208 477 252 54
604 199 687 244 DE
718 201 804 264 QV
801 203 924 248 ANT
922 203 946 246 I
948 200 1102 248 ΤΑΤΕ
1133 204 1373 251 C'ALORIS
1391 239 1404 261 ,

381 322 705 393 :a-..ss-f-:ff-a-ne
737 342 812 376 etc.
872 336 888 384 (
907 347 977 389 per
1001 334 1023 383 ξ
1051 347 1075 373 2
1097 335 1126 383 ).
1210 331 1394 380 Calorem
1444 334 1585 382 massae
1632 340 1659 383 b
1677 374 1689 395 ,

378 405 435 434 z
459 408 484 436 n
509 429 521 449 ,
556 399 794 440 distributum
847 411 917 452 per
963 399 1126 440 eandem
1173 397 1363 441 summam
1403 402 1606 447 maffarum
1632 419 1690 447 z

488 453 523 481 bn
1445 469 1473 486 co

374 484 635 530 &kq-044&
644 480 720 511 etc.
742 470 913 511 calorem
923 468 1177 525 maffaeczo,
1196 480 1586 536 etczzffi—-tcssffi
1611 490 1686 522 etc,

375 552 545 597 calorem
559 551 700 596 maffae
717 554 769 607 d,
790 567 844 593 Ξ
860 562 907 609 p,
925 563 998 595 etc:
1015 568 1071 595 z
1088 539 1356 616 &aff-HE
1406 568 1483 599 etc.
1518 561 1688 603 calorem

373 629 1078 696 maffaee,:qetc::0÷2‡cq„‡01‡e
1112 649 1188 680 etc.
1224 649 1263 680 et
1290 640 1461 680 calorem
1496 639 1583 693 post
1600 642 1681 682 mis
1684 671 1689 673 -

369 724 492 767 celam
526 726 709 766 omnium
727 722 929 766 maffarum
948 708 1583 783 calidarum:‘³⁷23'⁷231}‘3,]*;‘d³„³·‘4'„{}sse
1609 734 1683 767 etc.

369 797 397 840 i.
418 811 468 839 en
498 798 643 840 summa
683 796 887 840 massarum
927 798 1063 852 fluidi,
1097 812 1168 853 per
1199 813 1289 853 quas
1321 800 1426 840 calor
1458 799 1688 854 singularum

367 860 574 904 maffarum
606 864 647 904 in
680 863 878 904 mixtione
911 862 1116 917 aequaliter
1149 863 1391 916 distribuitur,
1424 864 1477 905 est
1511 865 1557 905 ad
1588 864 1688 906 sum-

367 939 477 968 mam
511 939 692 968 Omnlum
725 926 913 967 fastorum
953 939 1005 966 ex
1039 926 1165 967 massis
1206 927 1356 981 singulis
1388 927 1428 967 in
1461 928 1688 981 singularum

366 988 573 1033 maffarum
607 990 752 1031 calores
771 1023 782 1043 ‚
816 1000 863 1031 vt
895 990 1021 1030 vnitas
1053 991 1101 1031 ad
1134 989 1303 1032 calorem
1338 992 1377 1031 in
1411 993 1556 1032 mixto.

505 1066 541 1114 §.
560 1079 603 1115 4.
641 1062 685 1106 Si
717 1077 817 1105 nunc
853 1063 1180 1105 thermometrum
1214 1063 1417 1106 adhibetur
1449 1065 1496 1106 ad
1515 1065 1687 1107 calorem

364 1127 487 1170 mixti
519 1127 833 1180 mensurandum,
866 1129 999 1181 primo
1030 1129 1165 1181 gradus
1180 1128 1315 1168 caloris
1333 1129 1545 1171 ebullientis
1569 1142 1688 1184 aquae

363 1191 521 1246 ponitur
556 1204 643 1231 212
678 1204 735 1245 gr.
779 1200 818 1232 et
850 1190 1015 1232 secundo
1056 1191 1159 1232 calor
1198 1192 1297 1232 niuis
1328 1192 1396 1232 vel
1427 1192 1563 1246 glaciei
1594 1206 1686 1235 cum

361 1255 437 1297 sale
455 1257 702 1297 ammoniaco
718 1256 870 1296 mixtae
887 1268 933 1309 o,
966 1256 1084 1296 tertio
1100 1253 1273 1296 exceffus
1287 1255 1461 1297 calorum
1477 1256 1686 1298 fluidorum

361 1321 709 1361 examinandorum
725 1320 834 1374 super
852 1332 879 1359 0
889 1328 1086 1374 ponuntur
1102 1320 1414 1375 proportionales
1430 1320 1688 1363 altitudinibus

359 1386 543 1426 mercurii
565 1385 604 1426 in
638 1384 925 1426 thermometro
943 1418 954 1437 ,
989 1397 1085 1439 quae
1126 1385 1299 1425 oriuntur
1331 1384 1584 1426 instrumento
1617 1385 1686 1427 flui

360 1447 418 1488 dis
450 1449 715 1490 examinandis
748 1449 949 1501 immerso,
990 1458 1031 1488 et
1063 1449 1299 1499 mensurandi
1333 1449 1447 1489 initio
1479 1448 1582 1490 laeto
1600 1449 1682 1490 fio:

356 1524 489 1554 reuera
521 1514 638 1567 igitur
677 1511 848 1554 exceffus
898 1512 1036 1553 caloris
1068 1512 1174 1566 supra
1207 1512 1378 1554 calorem
1419 1513 1552 1566 glaciei
1591 1525 1684 1554 cum

353 1576 426 1617 sale
458 1578 704 1618 ammoniaco
733 1578 884 1617 mixtae
916 1584 1099 1618 notantur
1129 1585 1169 1616 et
1181 1576 1385 1617 secundum
1417 1576 1620 1617 formulam
1630 1577 1684 1618 al-

353 1640 470 1682 latam
490 1673 502 1693 ,
533 1641 561 1682 si
592 1641 920 1682 thermometrum
971 1640 1151 1683 Fahrenz
1201 1639 1401 1680 adhibetur
1428 1672 1439 1692 ,
1488 1641 1683 1684 inuenitur

352 1702 526 1746 excefl‘us
573 1705 708 1747 caloris
757 1706 878 1747 mixti
926 1704 1036 1761 super
1066 1717 1124 1759 gr.
1169 1716 1196 1744 0
1231 1703 1396 1745 Therm.
1434 1703 1563 1745 Fahr:
1598 1718 1681 1747 non

352 1780 466 1811 ‘verus
498 1769 615 1812 calor.

489 1835 524 1884 §.
550 1844 589 1884 5.
627 1831 730 1876 Cum
761 1835 938 1877 mixtum
966 1833 1121 1889 aliquod
1161 1832 1264 1874 dista
1303 1833 1453 1874 ratione
1502 1832 1543 1873 in
1586 1832 1680 1876 vale

348 1899 648 1942 examinandum
689 1899 744 1940 est
762 1932 774 1954 ‚
804 1898 915 1940 facile
955 1907 1062 1953 patet
1077 1931 1089 1951 ,

471 1986 522 2035 1)
557 1981 742 2027 Calorem
779 1985 897 2027 mixti
941 1996 1023 2024 non
1065 1983 1188 2025 solum
1239 1981 1406 2023 distribui
1464 1995 1535 2037 per
1583 1994 1676 2036 pro-

344 2047 471 2102 priam
513 2047 694 2103 maffam,
736 2050 798 2092 sed
816 2050 933 2091 etiam
978 2061 1051 2104 per
1091 2047 1187 2089 vasis
1220 2048 1386 2103 parietes
1426 2056 1467 2088 et
1498 2046 1675 2088 thermo—

343 2118 516 2154 metrum
556 2113 699 2170 ipsum.

1624 2178 1671 2229 2)
