1820 2506
663 167 783 223 »gagg
815 178 843 209 0
877 165 997 222 5323«-
1247 174 1252 177 Χ
1399 181 1486 224 245·

632 285 1015 331 DISSERTATIO

203 342 321 408 DE
372 345 697 409 ACTION
705 351 753 410 E
808 347 1447 412 MENSTRVORVM

434 436 832 484 CHYmrcoRVM
869 440 933 484 IN
969 439 1213 485 GENERE

547 522 710 568 Αιιὲἳονε
741 521 811 569 Μ.
848 519 1089 580 Lomonqsow.

767 622 802 672 ξ.
844 635 882 664 1.

167 686 422 804 Quamuis
456 691 504 733 ab
537 692 649 734 omni
679 705 781 734 aeuo
813 693 977 736 multam
1011 708 1144 737 curam
1177 704 1292 752 atque
1330 708 1492 752 operam

318 758 384 798 viri
431 756 585 798 solertes
625 758 673 798 ad
714 755 927 811 Chymiam
960 761 1193 802 contulerint
1209 794 1220 815 ,
1255 771 1295 803 et
1328 762 1501 816 praefer-⁷

163 827 236 866 tim
269 832 425 865 centum
459 832 562 863 retro
596 824 704 864 annis
734 823 835 878 quasi
868 822 1076 879 conspirati
1109 827 1191 867 eius
1223 827 1391 868 cultores
1423 838 1495 882 pe·
1522 826 1527 829 ’

163 890 346 930 nitiorem
388 899 601 941 corporum
642 888 873 929 naturalium
904 889 1143 930 mixtionem
1176 891 1354 931 certatim
1386 891 1495 931 inda·

163 955 372 1008 gauerint3
408 951 662 993 nihilominus
694 961 827 993 tamen
860 952 1034 993 scientiae
1067 953 1246 995 naturalis
1277 966 1365 1008 pars
1382 954 1496 995 nobi-

162 1017 296 1060 liffima
337 1015 535 1071 profundis
566 1017 782 1058 etiamnum
817 1016 987 1058 tenebris
1019 1018 1232 1059 inuoluitur
1261 1029 1303 1060 et
1335 1019 1497 1074 propria

162 1083 224 1124 sua
274 1082 382 1125 mole
415 1081 574 1122 laborat.
642 1080 786 1122 Latent
834 1082 1022 1135 genuinae
1063 1084 1233 1124 rationes
1263 1083 1497 1126 mirabilium

163 1148 531 1203 phaenomenoruun
551 1178 562 1198 ,
599 1159 695 1200 quae
727 1158 797 1200 per
821 1146 967 1186 labores
985 1143 1205 1198 Chymicos
1236 1157 1371 1189 natura
1403 1160 1499 1202 pro-

166 1212 275 1253 ducit
292 1244 304 1263 ,
340 1211 504 1263 ideoque
552 1210 751 1263 ignoratur
790 1207 915 1250 adhuc
949 1210 1094 1251 rectior
1132 1211 1208 1265 via,
1239 1212 1346 1254 cuius
1378 1212 1499 1255 ductu

165 1275 290 1319 multa
331 1275 461 1328 detegi
504 1271 658 1328 pofl‘ent
676 1308 688 1327 ‚
729 1286 826 1329 quae
866 1274 976 1315 vtilia
1007 1273 1139 1316 forent
1178 1276 1226 1317 ad
1258 1290 1500 1332 promouen-

167 1342 258 1383 dam
292 1339 451 1381 humani
485 1340 633 1392 generis
653 1337 901 1381 felicitatem.
970 1338 1166 1395 Equidem
1187 1340 1384 1384 fatendum
1424 1342 1500 1398 est,

166 1405 338 1462 prostare
372 1403 537 1458 plurima
570 1405 839 1458 experimenta
872 1401 1071 1458 Chymica
1089 1439 1101 1460 ,
1134 1406 1184 1447 de
1215 1419 1383 1462 quorum
1415 1421 1501 1449 cer-

166 1471 332 1512 titudine
374 1480 455 1509 non
498 1469 746 1523 dubitamus3
789 1469 881 1510 inde
940 1478 1073 1511 tamen
1114 1483 1235 1525 pauca
1268 1472 1468 1513 ratiocinia}
1487 1505 1501 1527 ,

166 1536 209 1579 in
241 1534 375 1590 quibus
407 1533 547 1574 iudicia
580 1531 842 1576 Geometricis
873 1533 1264 1577 demonstrationibus
1287 1538 1503 1580 exercitata

166 1599 379 1655 acquiscere
410 1594 568 1651 pofl‘unt
585 1631 596 1651 ‚
630 1597 794 1639 deducta
833 1594 912 1638 effe
953 1599 1036 1640 iure
1069 1600 1278 1654 querimur.

317 1664 352 1714 ς.
380 1675 419 1701 2.
456 1661 564 1703 Inter
595 1661 798 1716 palmarias
829 1664 1075 1717 operationes
1107 1662 1319 1717 Chymicas
1342 1665 1396 1707 est
1414 1678 1501 1708 cor-

168 1742 310 1786 porum
351 1727 490 1768 solutio
508 1760 519 1779 ,
561 1740 658 1782 quae
691 1738 782 1769 ante
812 1728 975 1782 reliquas
1013 1738 1186 1770 meretur
1202 1762 1214 1782 ,
1248 1738 1295 1771 vt
1326 1732 1502 1773 examini

168 1794 337 1845 Physico
382 1791 625 1845 filbiiciatur3
678 1805 769 1835 nam
811 1801 852 1832 et
903 1793 944 1833 in
996 1790 1289 1846 Chymicorum
1330 1795 1503 1837 officinis

168 1856 394 1913 corporibus
426 1855 694 1897 examinandis
725 1856 937 1912 saepiffime
968 1857 1122 1900 inseruit
1140 1892 1151 1912 ,
1184 1868 1226 1900 et
1256 1859 1297 1900 in
1331 1860 1504 1914 collegiis

170 1922 339 1975 Physicis
379 1922 479 1961 inter
518 1920 593 1961 alia
630 1923 902 1976 experimenta
941 1921 1176 1964 curiosorum
1218 1925 1341 1965 oculis
1373 1925 1503 1967 subiici

171 1988 268 2031 solet
294 2001 308 2041 ς,
342 1998 481 2026 verum
522 1994 654 2026 tamen
686 1985 816 2027 causae
848 1987 927 2028 eius
967 1988 1142 2029 nondum
1186 1988 1236 2029 ita
1278 1988 1503 2044 perspectae

172 2053 382 2102 habentur,
416 2058 462 2090 vt
501 2049 774 2103 phaenomena
792 2083 805 2104 ‚
836 2064 935 2106 quae
962 2053 1006 2094 in
1028 2052 1109 2097 hoc
1125 2054 1287 2110 negotio
1302 2055 1377 2097 sese
1394 2053 1503 2097 exse-

174 2124 264 2164 runt
282 2149 296 2173 ,
328 2113 417 2158 inde
448 2113 635 2174 explicari
663 2115 818 2174 poffmt.
943 2176 946 2179 ‚

679 2292 727 2305 ’μγ
