1820 2506
146 183 228 225 DE
247 178 497 224 ACTIONE
515 175 916 223 MENSTRVORV
915 175 970 219 M
992 175 1342 223 HIMICORVM
1378 188 1462 231 231

146 300 316 340 cularum
352 312 437 339 cum
475 298 682 339 innumeris
716 296 862 339 bullulis
892 298 1072 338 continua
1115 295 1206 338 serie
1239 296 1465 338 succedenti-

147 364 213 404 bus
233 395 243 414 ,
277 376 376 416 quao
403 362 706 416 perpendiculari
749 361 960 402 directione
1000 374 1022 401 a
1053 361 1252 415 superficie
1285 360 1340 402 fili
1371 361 1463 401 fere-

146 423 307 479 bantur,
344 437 381 467 et
413 428 460 467 ad
497 427 625 467 lumen
668 426 845 467 candelae
886 426 1105 467 innumeros
1144 425 1268 467 fontes
1300 424 1467 466 salientes

143 490 290 531 lucidos
311 524 321 541 ,
364 491 427 531 vel
471 492 596 544 potius
637 491 741 544 ignes
782 490 930 531 festinos
962 488 1188 531 cumulatim
1231 501 1302 544 per
1336 502 1462 530 aerem

142 553 274 595 miffos
305 554 642 608 repraesentabant.
708 554 916 595 Particulae
946 554 1031 594 ferri
1064 555 1103 594 in
1137 553 1219 595 casu
1252 553 1466 607 posteriore

142 631 222 658 non
265 619 365 671 prius
405 617 763 670 conspiciebantur,
806 631 920 671 quam
955 618 1021 659 vbi
1055 630 1075 658 a
1109 616 1179 659 filo
1213 618 1364 671 longius
1402 631 1464 659 re·

141 681 267 736 pullae
300 679 460 721 confusis
492 681 661 721 motibus
694 682 733 721 in
765 681 959 722 menstruo
993 682 1236 735 agitarentur.

292 746 325 793 §.
352 756 420 795 15.
455 744 655 800 Quoniam
674 745 801 800 itaque
829 746 1036 800 particulae
1053 747 1198 786 metalli
1216 745 1460 787 vibranturvi

140 809 320 851 menstrui
338 808 543 849 secundum
562 809 815 850 directionem
848 810 1201 864 perpendicularem
1227 811 1274 851 ad
1289 811 1464 863 corporis

139 873 308 914 soluendi
340 872 578 926 superficiem
598 906 608 924 ,
642 873 896 927 quamobrem
929 887 1115 927 ponamus
1148 873 1372 926 particulam
1399 887 1425 914 a
1435 874 1472 929 f

139 936 435 991 propellendam
468 935 545 976 effe
578 936 733 976 aCtione
766 937 949 977 menstrui
982 950 1003 977 a
1036 936 1231 989 superficie
1263 934 1334 976 BC
1376 949 1459 977 cor-

140 1003 246 1054 poris
264 998 415 1042 BCDE
441 999 644 1041 secundum
663 1000 915 1041 direfflonem
935 1012 1012 1054 ag3
1034 998 1182 1041 neceffe
1200 1001 1315 1054 igitur
1333 1000 1397 1053 est,
1417 1010 1462 1041 vt

139 1066 375 1106 menstruum
409 1074 493 1118 agat
527 1066 566 1104 in
599 1064 704 1106 illam
734 1064 940 1105 secuudum
975 1064 1138 1104 eandem
1171 1064 1460 1118 directionem3

139 1128 218 1169 hoc
253 1130 334 1180 est,
369 1142 457 1169 eam
497 1128 672 1181 impellat
712 1141 765 1168 ex
811 1141 838 1168 a
871 1127 997 1168 versus
1028 1141 1072 1180 g.
1141 1128 1201 1168 sed
1260 1129 1461 1181 impellere

138 1205 191 1231 ex
221 1204 247 1232 a
276 1193 399 1231 versus
431 1204 461 1244 g
503 1204 582 1232 non
642 1191 799 1244 potest,
859 1192 951 1244 quin
993 1191 1181 1244 impingat
1238 1192 1277 1231 in
1310 1203 1461 1245 partem

138 1254 350 1309 superficiei
390 1256 468 1295 cius
490 1254 556 1311 ff
580 1268 600 1294 a
619 1256 798 1308 proxima
831 1253 1001 1295 soluendi
1035 1254 1230 1308 superficie
1262 1253 1334 1295 BC
1353 1269 1458 1297 aver-

138 1319 216 1359 sam
237 1353 247 1372 ,
288 1320 328 1359 in
371 1318 470 1359 hanc
511 1331 608 1359 vero
649 1320 868 1374 impingere
910 1318 1145 1359 menstruum
1187 1321 1345 1374 nequit,
1389 1320 1459 1362 nifi

137 1384 240 1438 prius
272 1383 316 1424 fit
350 1383 448 1423 inter
480 1383 703 1437 particulam
737 1396 764 1424 a
779 1383 816 1443 f
839 1391 879 1422 et
912 1383 1072 1437 reliquas
1104 1392 1226 1437 partes
1256 1383 1457 1437 soluendi,

137 1449 179 1487 in
216 1446 382 1501 spatiolis
410 1446 474 1503 ff
495 1447 775 1501 constitutum3
812 1446 889 1487 hoc
924 1448 975 1488 est
1007 1447 1152 1501 spiritus
1185 1449 1281 1488 acidi
1315 1448 1457 1489 soluere

135 1511 295 1552 metalla
326 1520 519 1564 nequeunt
538 1544 548 1563 ‚
583 1511 651 1551 nisi
684 1512 942 1564 ingrediantur
975 1523 1092 1564 poros
1113 1524 1260 1552 eorum.

285 1575 318 1624 ξ.
347 1577 415 1614 16.
450 1574 608 1615 Metalla
641 1574 867 1616 validiffimo
900 1575 987 1628 igne
1020 1574 1282 1628 fuffiferuent,
1318 1585 1357 1616 et
1374 1590 1456 1617 non

134 1639 234 1681 secus
263 1653 306 1680 ac
334 1638 480 1693 spiritus
505 1639 602 1679 acidi
642 1647 756 1692 atque
789 1652 883 1692 aqua
916 1639 1033 1679 bullas
1067 1652 1187 1679 aereas
1228 1641 1456 1693 proficiunt,

135 1704 330 1746 manifesto
361 1703 503 1743 indicio
537 1704 575 1743 in
594 1702 760 1743 metallis
793 1715 871 1743 non
892 1703 1000 1743 aliter
1032 1704 1131 1742 acin
1166 1703 1348 1756 spiritibus
1381 1705 1458 1744 aci-

135 1769 192 1809 dis
234 1777 344 1821 atque
384 1780 478 1820 aqua
517 1767 705 1807 contineri
747 1779 875 1807 aerem
916 1779 984 1821 per
1017 1779 1135 1820 poros
1175 1780 1310 1808 eorum
1344 1766 1458 1807 diffe-

136 1833 323 1873 minatum
344 1862 353 1880 ,
396 1830 461 1883 qui
502 1830 630 1870 calore
669 1843 720 1870 ex
753 1830 826 1870 illis
859 1832 1050 1871 excutitur
1068 1864 1079 1884 ,
1114 1833 1271 1885 propria
1303 1831 1456 1872 leuitate

139 1895 277 1936 sursum
312 1893 475 1934 ascendit
508 1902 548 1933 et
581 1893 697 1934 bullas
728 1894 879 1935 format.

277 1958 310 2005 §.
338 1966 406 2005 17.
451 1958 752 2013 Quamprimum
794 1958 993 1998 metallum
1035 1959 1179 2013 spiritui
1228 1960 1338 2000 acido
1380 1961 1454 2001 im-

137 2022 319 2075 mergitur
339 2054 350 2072 ,
383 2021 508 2062 statim
542 2021 657 2061 bullas
694 2034 815 2062 aereas
846 2035 867 2061 a
884 2021 1077 2075 superficie
1111 2021 1171 2062 sua
1206 2024 1331 2064 vibrat
1349 2039 1359 2078 3
1380 2024 1452 2064 vn.'

138 2089 187 2131 de
234 2094 336 2141 patet
386 2097 515 2126 aerem
556 2098 625 2141 per
675 2098 795 2143 poros
847 2086 1031 2142 Vtriusque
1073 2086 1137 2128 vel
1188 2087 1453 2132 alteriusvtrius

760 2149 781 2192 Ι
800 2150 813 2190 i
835 2162 856 2190 2
1279 2153 1454 2208 corporis
