1820 2506
489 187 785 236 SPECIMEN
817 190 961 235 PRIM
965 184 1052 232 VM
1333 201 1423 244 297

112 308 279 366 quatoris
313 309 359 351 ad
392 310 538 352 radium
574 310 748 352 diametri
782 308 977 362 horologii
1012 320 1102 348 cum
1134 306 1287 349 excefl’u
1327 309 1427 350 indi-

110 376 175 415 cis.
241 374 431 428 Adeoque
467 377 504 416 in
540 376 672 416 nostro
706 374 917 427 horologio
960 373 1030 412 erit
1058 386 1087 422 4
1105 371 1304 425 pollicum.

257 438 291 486 ξ.
333 451 402 477 11.
439 439 495 479 Vt
512 439 761 492 horologium
787 437 988 477 iecundum
1007 436 1264 479 eleuationem
1290 450 1428 491 aequa-

106 502 200 542 toris
217 502 367 556 disponi
384 513 517 556 queat,
536 504 575 543 in
586 501 753 543 inferiori
777 503 915 542 lamina
932 500 1106 540 firmetur
1123 513 1226 541 arcus
1244 515 1310 554 xy,
1330 515 1367 541 n.
1386 514 1424 540 2.
1440 515 1508 547 τεὴ,
1533 519 1583 550 ix.

103 563 146 606 in
164 566 247 606 suos
275 567 409 620 gradus
440 566 575 607 diuisus
594 600 604 619 ,
639 577 677 606 et
709 579 779 619 per
807 565 1072 606 fulcimentum
1088 564 1281 619 horologii
1298 565 1430 607 tranfi-

106 640 173 669 ens
192 662 202 681 ‚
237 631 316 681 ita,
349 638 394 670 vt
426 631 619 670 mediante
653 629 811 670 cochlea
843 642 870 669 z
900 629 1149 682 horologium
1183 629 1222 669 in
1262 630 1428 683 qualibet

106 692 356 733 inclinatione
388 691 531 734 firmari
565 703 686 747 queat.
755 693 904 733 Eadem
924 705 977 732 ex
996 693 1142 732 ratione
1175 694 1286 733 etiam
1332 706 1429 747 pen-

101 756 235 797 dulum
269 757 461 797 mediante
492 757 652 798 cochlea
685 757 730 797 ad
763 758 855 797 axin
889 755 995 797 suum
1028 757 1082 796 ita
1123 755 1272 810 semper
1298 759 1429 799 firma-

103 820 138 860 ri
167 820 321 874 potest,
356 829 403 860 vt
436 833 485 861 eo
517 821 710 861 oscillante
743 822 883 874 pinnae
926 832 994 873 per
1033 820 1164 860 dentes
1215 830 1323 862 rotae
1364 822 1427 862 vla

99 883 218 925 timae
247 884 426 938 vtrinque
467 884 671 939 aequaliter
711 884 946 925 attollantur.

255 948 290 997 §.
332 960 399 987 12.
433 947 588 989 Deinde
621 960 773 1003 quoque
806 947 965 988 circulus
997 945 1170 987 horarius
1203 948 1246 988 in
1263 947 1429 990 horolo-

99 1013 168 1066 gio
210 1014 262 1054 ita
305 1012 541 1054 construatur
559 1016 593 1065 ,Χ
613 1021 658 1053 vt
701 1012 800 1052 circa
850 1020 1027 1052 centrum
1075 1012 1251 1053 conuerti
1299 1022 1428 1066 queat.

96 1075 211 1119 Dum
243 1077 348 1118 enim
381 1077 560 1119 machina
594 1077 696 1118 circa
729 1075 901 1129 planetas
934 1075 1001 1115 vlu
1034 1075 1145 1116 venit
1163 1108 1174 1127 ‚
1209 1088 1283 1130 pro
1301 1075 1429 1118 ascen-

95 1141 204 1184 sione
253 1140 355 1181 resta
395 1141 573 1193 planetae
614 1140 762 1193 semper
802 1139 873 1179 alia
914 1138 1011 1178 hora
1046 1138 1165 1179 lineae
1196 1140 1431 1183 meridianae

96 1203 298 1258 horologii
338 1203 454 1244 debet
492 1204 735 1258 respondere.

242 1269 276 1318 §.
301 1267 668 1315 13.Adomandum
688 1268 765 1308 iam
798 1266 872 1307 erit
887 1265 1090 1321 speculum.
1130 1267 1232 1325 Quia
1250 1267 1326 1310 hoc
1341 1281 1427 1311 me·

99 1331 228 1373 diante
245 1330 427 1373 caudasua
435 1331 725 1373 horizontaliter
742 1340 782 1372 et
799 1331 1029 1372 verticaliter
1044 1332 1189 1373 mobile
1207 1330 1283 1373 esse
1299 1335 1426 1386 debet,

96 1394 398 1450 filspendendum
434 1397 506 1437 erit
545 1396 586 1436 in
615 1396 716 1437 linea
757 1407 828 1450 per
859 1404 1035 1437 centrum
1068 1397 1180 1450 ipsius
1214 1398 1426 1439 transeunte

97 1458 198 1500 intra
212 1458 431 1516 fiircamsc‚
449 1473 487 1501 n.
505 1473 542 1500 1.
564 1460 813 1502 mediantibus
829 1459 998 1500 cochleis
1015 1461 1237 1501 acuminatis
1257 1460 1296 1517 s
1319 1471 1359 1502 et
1388 1473 1424 1502 r.

97 1522 201 1564 Axis
233 1537 330 1565 vero
345 1522 470 1565 furcae
501 1528 615 1566 cauus
646 1538 673 1566 a
690 1526 714 1566 b
745 1523 924 1565 versatilis
954 1524 999 1564 sit
1016 1525 1127 1578 super
1144 1524 1322 1576 cylindro
1339 1538 1426 1566 acu-

97 1587 250 1628 minato
281 1588 319 1640 d,
339 1599 376 1627 n.
403 1599 442 1627 2.
462 1589 566 1629 cuius
597 1588 712 1629 altera
744 1599 830 1642 pars
861 1588 903 1627 in
923 1587 1104 1629 arundine
1119 1587 1333 1629 fulcimenti
1366 1602 1427 1644 eg

96 1663 174 1705 pro
204 1650 325 1692 lubitu
357 1650 485 1693 attolli
508 1662 548 1695 et
579 1652 746 1708 deprimi
784 1661 825 1693 et
857 1651 1052 1694 mediante
1094 1652 1256 1694 cochlea
1296 1654 1320 1694 k
1361 1653 1425 1696 fir⁴

97 1716 193 1755 mari
225 1715 364 1770 potest.

249 1780 285 1828 §.
313 1792 382 1832 14.
425 1778 580 1823 Paretur
620 1781 700 1822 iam
740 1778 837 1823 affer
877 1782 1064 1823 rotundus
1111 1780 1243 1835 planus
1262 1814 1273 1834 ,
1323 1783 1426 1824 cuius

99 1840 274 1883 alteratio
313 1855 383 1897 per
421 1844 598 1898 repagula
638 1845 678 1885 in
711 1845 834 1887 auersa
875 1856 983 1901 parte
1015 1845 1166 1887 firmata
1199 1858 1426 1901 praecauen-

99 1912 175 1946 tur.
241 1905 289 1949 In
321 1907 435 1948 tribus
467 1908 619 1962 punctis
652 1909 750 1950 circa
783 1910 1039 1964 peripheriam
1076 1910 1277 1951 instruatur
1302 1911 1425 1952 coch-

102 1967 172 2009 leis
190 2002 201 2022 ‚
242 1983 402 2024 quarum
444 1984 522 2026 ope
564 1973 603 2013 in
637 1972 748 2014 situm
791 1972 1076 2015 horizontalem
1111 1974 1261 2028 disponi
1293 1974 1419 2028 poffit.

101 2031 175 2073 Per
215 2035 290 2075 eius
330 2036 499 2076 medium
541 2037 700 2078 ducatur
748 2036 848 2078 linea
865 2071 877 2090 ,
919 2051 1016 2092 quae
1057 2038 1310 2079 meridianam
1362 2052 1425 2079 re-

100 2096 313 2152 praesentet
329 2130 340 2150 ,
371 2100 410 2141 in
424 2101 525 2143 cuius
556 2111 664 2158 parte
690 2100 979 2155 septentrionali
1011 2100 1227 2158 disponatur
1261 2101 1419 2144 horolo-

166 2161 288 2207 Tom.
316 2160 351 2205 I.
730 2164 760 2206 P
783 2178 814 2226 p
1312 2167 1419 2221 gium

1485 557 1535 596 fig.
1557 561 1590 592 6.

1484 1471 1541 1508 Fig.
1566 1470 1597 1502 6.
