1820 2506
238 175 368 221 oms
400 170 513 219 PRO
545 165 1058 217 HERMAPHRODITO
1093 170 1303 216 ΗΑΒιΤι.
1345 185 1430 225 325

124 295 255 337 vlcere
296 294 504 335 ventriculi
525 326 536 347 ,
577 294 619 334 in
653 301 790 349 aperto
808 325 820 346 ,
862 292 1051 332 inuento:
1089 302 1160 332 nec
1194 291 1243 332 ad
1276 290 1443 346 figuram

123 359 240 400 totius
271 360 446 414 corporis
478 359 624 413 aliquid
657 356 982 412 praeternaturale
1014 356 1183 410 gerebat.

272 423 375 465 Infra
422 423 745 464 coniunctionem
793 434 890 463 vero
921 420 1059 462 offium
1101 420 1211 474 pubis
1229 453 1240 473 ‚
1273 419 1342 460 vbi
1376 418 1441 459 illa

121 488 164 529 in
196 489 327 529 media
369 487 470 544 ffibe
503 486 778 540 synchondrofi
812 487 1035 540 iunguntur,
1070 484 1322 539 prominebat
1353 496 1437 525 cor-

121 553 319 607 pusculum
376 562 504 604 teres,
566 553 745 592 medium
806 552 961 592 circiter
1021 551 1191 603 digitum
1239 547 1438 601 crassum,

121 628 240 657 anum
275 617 402 656 versus
434 626 475 656 et
505 615 756 656 sinistrorsum
791 616 996 656 incuruum
1017 648 1027 668 ,
1084 626 1229 668 penem
1262 615 1439 667 referens,

120 681 328 735 praeputio
360 679 531 731 mobili,
571 679 667 720 laxo
686 713 697 732 ‚
740 680 875 733 amplo
892 712 902 731 ,
949 680 1088 719 leuiter
1127 680 1168 718 in
1198 691 1309 732 rugas
1325 691 1438 718 com-

121 745 271 799 plicato
289 777 300 796 ,
332 744 556 784 naturaliter
588 753 772 784 ornatum
793 776 803 795 ,
853 745 957 797 quod
997 744 1037 783 in
1073 753 1182 796 parte
1225 743 1438 794 anteriore,

118 807 342 862 superiore,
385 809 560 849 constans
602 820 689 849 cute
725 806 844 847 craffa
886 808 974 860 pilis
1008 808 1129 859 hirta,
1163 808 1382 848 eleuabatur
1401 806 1440 845 in

116 873 273 926 apicem
308 882 464 913 acutum
495 871 569 928 (1):
602 873 690 914 inde
726 885 823 911 vero
857 872 1036 911 deorsum
1070 882 1110 910 et
1144 874 1192 911 ad
1226 871 1438 923 posteriora
1450 873 1652 910 (1)Tab-X1.

115 936 246 977 versus
304 937 467 977 excrine
526 938 674 977 tenuius
721 935 1019 989 porrigebatur,
1075 944 1116 973 et
1166 935 1320 974 breuius
1371 936 1438 974 de·
1464 932 1510 969 fig·
1536 932 1604 962 ²·C

113 999 295 1053 ficiebat,
329 1013 447 1055 quam
479 1009 525 1040 vt
554 1009 685 1041 totum
726 1012 873 1053 penem
892 1032 903 1052 ,
943 998 1097 1053 eiusque
1131 998 1314 1051 glandem
1333 1032 1343 1052 ,
1379 1010 1437 1039 τε-

115 1075 225 1119 geret
258 1063 347 1120 (2).
1468 1071 1602 1108 (maid.
1626 1073 1655 1102 D

265 1129 390 1169 Extra
433 1127 512 1167 hoc
553 1137 686 1168 autem
728 1127 977 1180 praeputium
1012 1128 1293 1167 extendebatur
1325 1129 1436 1180 penis

113 1193 222 1247 ipse,
257 1193 305 1232 ad
340 1192 463 1232 finem
496 1191 604 1232 suum
638 1192 752 1232 valde
772 1192 986 1231 incuruatus
1020 1189 1094 1245 (3),
1112 1191 1252 1244 glande
1286 1192 1433 1232 ibidem
1448 1193 1509 1231 (3)
1529 1196 1563 1224 ibi
1576 1197 1589 1226 ¹.
1614 1198 1642 1226 E

114 1255 335 1297 rubescente
352 1266 509 1296 ornatus
534 1254 618 1312 (a),
636 1257 702 1310 qui
722 1289 734 1308 ,
765 1267 841 1295 oue
855 1256 993 1308 supino
1010 1255 1162 1296 iacente
1180 1289 1190 1309 ,
1222 1256 1302 1296 fere
1329 1265 1510 1308 totus(4>
1536 1270 1598 1299 ibid.
1625 1272 1647 1300 1·-

115 1333 138 1361 a
170 1334 337 1375 corpore
380 1321 489 1374 penis
529 1321 731 1374 tegebatur
749 1353 759 1372 ,
802 1320 865 1360 sub
903 1320 974 1360 illo
1015 1320 1238 1361 delitescens
1257 1354 1267 1374 ,
1311 1331 1352 1361 et
1383 1322 1431 1361 ab

114 1386 286 1428 eiusdem
329 1386 518 1427 curuitate
567 1398 708 1441 parum
750 1383 892 1425 sursum
950 1384 1221 1440 disponeiaur
1240 1419 1251 1438 ,
1310 1386 1427 1426 abdo-

114 1462 210 1490 men
242 1449 380 1491 versus.

257 1514 425 1555 Eleuato
452 1514 644 1568 praeputii
663 1514 776 1567 apice
810 1514 986 1554 crassiore
1014 1512 1077 1568 (5)
1105 1526 1182 1553 vna
1201 1526 1291 1554 cum
1309 1525 1423 1568 pene,
1442 1520 1564 1560 (smalx
1591 1528 1642 1558 xi.

109 1576 320 1631 apparebat
361 1579 640 1633 praeputium,
692 1588 978 1630 extenuatum,
1027 1577 1193 1629 laxum,
1237 1579 1423 1631 amplum
1451 1567 1593 1605 ¹⁷³ss·3·C

108 1642 242 1683 senfim
300 1643 457 1696 oblique
497 1643 712 1696 posteriora
753 1642 909 1695 versus,
952 1651 991 1682 et
1026 1654 1126 1696 pene
1172 1643 1252 1682 iam
1287 1641 1424 1682 sursum

109 1708 324 1760 reclinato,
357 1706 537 1749 inferiora
554 1706 703 1759 versus,
738 1704 1063 1762 descenderem),
1098 1717 1212 1760 atque
1230 1707 1429 1759 Vtrimque
1442 1716 1493 1752 <6)
1517 1716 1581 1746 ibid.
1610 1718 1639 1747 D

110 1771 152 1810 in
184 1784 315 1810 arcum
346 1771 446 1824 quafi
487 1771 720 1823 exsciffum,
763 1772 908 1812 iterum
947 1771 995 1811 ad
1044 1772 1225 1824 glandem
1277 1772 1429 1811 adscen-

110 1835 238 1875 dendo
279 1833 446 1875 formare
477 1833 691 1875 fraenulum
730 1832 744 1889 (
759 1842 824 1886 7).
1440 1844 1561 1881 (vibid.
1578 1846 1607 1875 Ε

257 1898 382 1939 Arcus
415 1907 547 1940 autem
582 1898 647 1938 hic
681 1900 874 1952 praeputii
908 1900 993 1953 plus
1025 1899 1190 1940 lunatim
1234 1900 1429 1940 exscinde-

110 1963 219 2002 batur
267 1963 306 2001 in
348 1963 464 2004 latere
503 1964 646 2003 dextro
688 1995 700 2014 ‚
759 1976 876 2017 quam
916 1964 957 2002 in
1001 1963 1147 2004 sinistro
1167 1996 1177 2015 ,
1220 1966 1326 2004 vnde
1361 1965 1428 2004 ille

107 2026 256 2066 ibidem
289 2025 417 2067 laxior
447 2037 529 2068 erat
562 2025 642 2081 (8):
677 2027 766 2066 inde
803 2027 913 2080 penis
949 2028 1197 2068 sinistrorium
1239 2029 1414 2069 tralieba-
1437 2032 1639 2065 (mindun

108 2098 168 2131 tur
187 2087 253 2146 (9)
272 2102 293 2130 a
325 2091 480 2133 vinculo
511 2090 670 2133 fraenuli
703 2092 869 2131 arctiore
888 2091 1031 2134 adhoc
1054 2092 1169 2134 latus:
1205 2092 1641 2146 fi‘aenulum<9)ffig.2.rza

717 2153 743 2199 S
763 2168 779 2196 s
800 2166 823 2204 3
1358 2171 1425 2199 au-
