1820 2506
708 155 736 207 )(
775 165 832 206 59
867 151 897 211 )<

148 272 255 325 bunt,
274 282 314 313 et
348 271 431 312 solo
462 283 578 312 muco
610 268 941 322 interstinguuntur
961 301 970 319 ,
1008 281 1054 308 ne
1087 269 1361 323 concrescant3
1402 269 1456 310 ΙΙ-

145 337 182 378 le
217 349 313 377 vero
343 337 383 376 in
418 336 629 390 ampullam
649 333 894 386 expandatur.
962 333 1064 374 Hinc
1083 343 1357 386 praegnantem
1376 343 1452 374 vte

147 414 234 441 rum
268 402 374 441 recte
406 401 548 441 vesicae
582 398 731 438 inflatae
750 430 760 448 ‚
796 398 1013 452 virgineum
1046 410 1143 438 vero
1174 397 1331 451 lagenae
1348 411 1458 440 com-

147 463 292 519 pressae
327 464 573 519 aequiparari.

264 529 297 578 ς.
331 530 365 578 §.
407 542 474 568 10.
510 538 548 567 et
580 526 654 579 seq.
688 537 783 579 quae
816 525 914 566 circa
949 526 1138 568 ceruicem
1177 527 1279 566 vteri
1299 559 1309 579 ‚
1354 526 1452 568 haud

146 593 325 646 exiguam
375 593 520 646 quippe
568 589 678 630 huius
726 591 859 641 organi
911 592 1147 644 portionem,
1190 590 1456 644 obsenmuerit„

146 657 316 711 profert,
350 666 389 696 et
422 655 563 695 exinde
598 654 631 703 ξ.
671 666 738 703 14.
774 652 851 707 seq.
889 664 1025 708 notat,
1057 654 1150 695 haec
1184 655 1379 696 obseruata
1411 656 1456 696 ad

145 721 282 761 multas
316 720 495 760 veritates
526 719 629 758 viam
662 717 841 770 pandere.
909 718 1039 759 Primo
1071 718 1210 759 scilicet
1243 720 1384 760 exinde
1403 720 1456 760 as-

142 784 280 824 sertum
302 783 429 836 Grafii
454 782 676 823 confirmari
707 782 821 822 docet
839 815 849 834 ‚
886 783 952 836 qui
972 782 1147 823 stabiliuit
1165 815 1175 832 ‚
1208 783 1356 824 collum
1376 796 1451 824 non

142 849 242 901 sequi
273 848 535 888 dilatationem
570 846 670 886 vteri
713 847 854 899 grauidi
876 880 885 897 ,
927 847 987 887 sed
1028 847 1228 900 pristinum
1268 846 1345 888 fere
1388 848 1453 888 sta-

142 920 224 951 tum
258 913 419 952 retinere
438 945 449 964 ,
482 912 521 951 id
554 911 658 965 quod
692 911 739 950 de
771 911 908 950 mediis
940 910 1154 963 gestationis
1187 911 1379 952 mensibus
1396 913 1455 951 in«-

140 975 339 1016 tellectum
373 977 469 1017 vult.
536 975 693 1016 Exinde
725 975 954 1027 opinionem
997 987 1130 1015 eorum
1174 974 1351 1015 confellit
1392 977 1455 1030 qui

141 1041 242 1079 vteri
260 1041 503 1093 praegnantis
537 1040 729 1080 ceruicem
761 1038 828 1079 fibi
861 1038 1010 1091 fingunt
1031 1072 1041 1090 ,
1075 1052 1142 1079 ceu
1161 1040 1322 1080 vnicum
1349 1041 1455 1080 oscu-

140 1103 220 1143 lum
243 1137 252 1155 ,
293 1105 436 1144 annulo
476 1104 574 1157 quasi
616 1103 865 1144 membraneo
905 1103 1097 1143 occlusum
1126 1136 1136 1155 ,
1172 1104 1236 1157 qui
1271 1104 1454 1157 paulatim

142 1167 300 1207 mollior
331 1167 397 1208 fiat
432 1178 469 1208 et
502 1168 668 1222 amplior
687 1200 697 1219 ,
731 1167 854 1208 donec
889 1168 940 1207 ita
975 1167 1056 1208 hiet
1089 1178 1132 1207 vt
1164 1166 1310 1209 foetum
1338 1178 1455 1208 trans-

141 1231 295 1271 mittere
327 1231 472 1285 possit3
509 1233 601 1274 hinc
636 1244 658 1271 a
692 1232 878 1273 Dementes
912 1232 951 1270 in
987 1244 1096 1271 novo
1138 1230 1305 1273 Lumine
1345 1233 1452 1274 Obst„

141 1307 180 1348 p.
215 1309 257 1345 4.
296 1296 442 1349 pietatm
476 1295 637 1349 figuram
671 1295 935 1347 corrigendam
978 1294 1116 1335 censet.

257 1359 291 1406 §.
332 1369 401 1407 15.
439 1358 595 1399 Exinde
626 1370 809 1410 apparere
841 1359 923 1410 ait,
955 1371 1070 1412 quam
1104 1357 1261 1399 difficile
1293 1360 1337 1400 sit
1377 1361 1457 1415 pri-

139 1423 214 1463 mis
249 1423 433 1462 mensibus
464 1436 515 1463 ex
547 1421 630 1463 solo
661 1421 764 1461 taem
780 1420 982 1461 diiudicare
1004 1454 1014 1474 ,
1050 1435 1142 1462 num
1161 1423 1328 1465 foemina
1348 1437 1455 1478 prae«

140 1499 256 1539 gnaris
287 1486 331 1527 fit
351 1519 361 1538 ,
394 1500 464 1528 nec
498 1500 547 1527 ne
568 1520 579 1539 ,
614 1495 651 1526 et
681 1497 732 1525 ex
766 1484 847 1525 solo
879 1496 1087 1538 augmento
1121 1487 1276 1527 ceruicis
1315 1488 1455 1543 aliquid

141 1551 222 1590 veri
257 1550 484 1592 concludere
502 1585 513 1604 ‚
549 1548 901 1592 exercitatissimam
934 1563 1092 1591 manum
1126 1561 1165 1591 et
1210 1561 1366 1593 acutum
1401 1554 1459 1594 iu-

140 1613 285 1654 dicium
326 1607 515 1669 requirere
534 1649 545 1668 ,
587 1615 626 1655 id
668 1615 771 1668 quod
814 1614 860 1655 ab
909 1614 1169 1656 obstetricibus
1212 1616 1457 1671 popularibus

138 1690 219 1719 non
249 1677 356 1719 filcile
386 1680 668 1734 expectandum
710 1677 767 1718 fit.

258 1742 292 1791 §.
333 1746 399 1782 16.
438 1745 647 1786 Rationem
683 1742 819 1794 affert,
854 1755 969 1796 quare
1012 1741 1125 1798 (aliis
1166 1752 1294 1784 tamen
1338 1745 1454 1787 causis

142 1806 361 1860 neutiquam
402 1808 624 1861 posthabitis
646 1806 657 1862 )
701 1807 877 1847 mulieres
897 1841 907 1858 ,
942 1820 1037 1861 quae
1066 1808 1200 1860 primis
1224 1808 1288 1848 vel
1312 1811 1448 1851 mediis

140 1870 326 1911 mensibus
344 1871 518 1913 abortum
554 1873 760 1926 patiuntur,
794 1871 989 1912 doloribus
1024 1871 1150 1911 multo
1182 1872 1454 1914 vehementio-

140 1932 242 1973 ribus
285 1945 323 1974 et
362 1938 588 1977 acutioribus
629 1935 837 1976 discruciari
876 1935 1046 1988 iolcum,
1088 1948 1202 1989 quam
1242 1936 1269 1977 sl
1309 1937 1451 1979 iustum

139 1998 369 2051 parturiendi
402 2003 609 2042 terminum
645 2000 846 2052 attigerint.

257 2061 291 2112 ς.
331 2070 398 2111 17.
433 2065 502 2108 Ex
536 2062 749 2121 compreffa
783 2064 936 2104 ceruicis
969 2063 1089 2119 figura
1121 2073 1161 2105 et
1192 2077 1311 2106 muco
1343 2066 1451 2108 lento

779 2126 809 2169 h
845 2141 870 2169 2
1322 2130 1447 2170 tenaci
