1820 2506
561 379 651 423 DE
683 378 1077 425 SVPERFICIE

274 451 689 514 CONORVM
750 452 1312 547 SCALENORVM
1333 499 1351 524 ‚

227 552 613 609 ALloRVMQVE
673 550 987 595 CORPORVM
1048 549 1413 596 comcorva.

689 641 921 680 AVCTORE

625 707 676 749 L·
720 708 757 750 E
765 707 804 751 V
812 708 849 749 L
860 709 896 750 E
906 709 943 751 R
954 706 1007 750 O.

756 839 792 889 ς.
834 850 872 878 ι.

324 943 528 987 uamquam
561 940 695 974 natura
726 944 920 974 conorum
961 944 983 973 a
1024 931 1149 987 longo
1180 931 1257 974 iam
1298 941 1481 989 tempore
1511 934 1585 968 Τὼ·
1606 935 1632 966 ¹·

357 998 410 1038 ita
443 997 496 1038 est
530 997 752 1052 inuestigata
770 1031 782 1051 ,
815 1007 861 1039 vt
894 996 993 1038 nihil
1027 994 1334 1051 praetermissum
1370 998 1479 1040 vide-

357 1071 441 1103 atur
458 1095 469 1115 ,
503 1062 543 1102 in
579 1075 658 1117 quo
692 1062 975 1115 laboraremus3
1012 1070 1142 1103 tamen
1176 1063 1216 1103 in
1234 1063 1481 1104 dimetiendis

152 1137 345 1167 conorum
378 1125 646 1181 superficiebus
677 1126 782 1168 vltra
813 1139 937 1167 conos
969 1126 1097 1167 restos
1115 1159 1126 1179 ,
1167 1140 1335 1181 quorum
1388 1139 1482 1168 axes

152 1190 201 1230 ad
234 1189 334 1232 bases
367 1191 449 1231 sunt
482 1191 676 1234 normales
694 1225 706 1244 ,
739 1204 821 1232 non
855 1189 1120 1246 processerunt
1153 1201 1319 1232 veteres.
1403 1189 1481 1232 Ce-

152 1252 226 1294 leb.
264 1253 522 1308 Varignonius
555 1257 596 1295 in
629 1255 796 1297 Miscell.
833 1254 1039 1296 Societatis
1072 1256 1217 1308 Regiae
1250 1254 1480 1297 Berolinen-

152 1317 200 1358 fis
241 1315 550 1360 Continuatione
591 1318 648 1361 11.
693 1328 961 1373 argumentum
1002 1318 1079 1359 hoc
1129 1319 1278 1373 prorsus
1328 1331 1479 1360 nouum

154 1383 299 1435 primus
340 1383 519 1423 tractauit
535 1415 547 1435 ,
590 1392 703 1438 atque
743 1384 888 1424 lineam
929 1395 1087 1424 curuam
1106 1415 1117 1435 ‚
1160 1384 1266 1423 cuius
1307 1384 1480 1424 constru-

152 1445 234 1487 ‹stio
267 1459 289 1486 a
321 1446 547 1500 quadratura
579 1446 714 1488 circuli
746 1447 909 1502 pendet,
943 1448 1089 1487 inuenit
1124 1459 1195 1500 per
1227 1448 1334 1488 cuius
1366 1448 1480 1489 recti-

151 1509 377 1551 ficationem
427 1523 512 1551 area
561 1512 742 1566 cuiusque
790 1512 882 1552 coni
931 1510 1069 1552 scaleni
1120 1509 1289 1565 affignari
1351 1520 1478 1566 queat³

151 1573 359 1616 Subiuncta
392 1584 523 1616 autem
557 1574 650 1617 huic
683 1572 936 1617 dissertationi
985 1575 1126 1617 ibidem
1176 1576 1364 1630 reperitur
1414 1577 1480 1618 ad-

151 1640 251 1680 ditio
284 1639 421 1693 Magni
454 1637 643 1681 Leibnizii
662 1673 675 1693 ,
709 1641 749 1682 in
783 1653 858 1695 qua
891 1640 992 1682 idem
1027 1641 1226 1695 negotium
1263 1653 1332 1694 per
1365 1641 1479 1681 resti-2

151 1703 379 1747 ficationem
414 1716 552 1745 curuae
584 1703 816 1759 algebraicae
848 1705 1066 1759 expeditur.
1136 1701 1387 1745 Confflustio
1405 1705 1479 1747 hu-

154 1769 209 1809 ius
259 1781 395 1809 curuae
444 1770 634 1810 eximium
682 1768 911 1823 exemplum
959 1768 1241 1823 profundissimi
1291 1769 1477 1811 Audioris

154 1832 296 1886 ingenii
328 1831 519 1887 exhibet;
554 1845 692 1875 verum
733 1835 1009 1875 inaduertentia
1052 1833 1134 1873 Viri
1183 1833 1273 1874 alias
1321 1834 1476 1888 sagacis-

154 1895 240 1937 simi
289 1898 329 1937 in
380 1895 479 1937 hanc
530 1896 761 1940 solutionem
806 1896 984 1952 sphalma
1035 1897 1245 1952 quodpiam
1300 1898 1447 1953 irrepsit
1465 1932 1476 1951 ‚

155 1960 261 2015 quod
291 1961 350 2000 vti
381 1959 492 2002 facile
523 1963 719 2003 emendari
752 1961 878 2018 potest
896 1995 907 2014 ,
948 1971 1000 2002 ita
1039 1974 1192 2015 quoque
1232 1962 1477 2016 praestantiae

156 2024 358 2065 solutionis
398 2038 534 2079 parum
575 2026 753 2068 detrahit.
829 2025 1036 2081 Exprimit
1085 2026 1189 2067 enim
1238 2025 1477 2081 superficiem

157 2089 249 2132 coni
286 2087 420 2130 scaleni
452 2090 676 2145 reitangulo
707 2103 760 2133 ex
802 2089 903 2132 linea
942 2090 1045 2133 resta
1085 2091 1353 2145 magnitudine
1393 2092 1482 2132 data

765 2164 867 2204 A2,
1438 2174 1479 2202 in
