1820 2506
1001 184 1034 244 2(
1066 197 1126 241 24
1158 185 1189 244 )(

438 301 648 358 habebunt,
681 311 792 359 neque
820 300 917 346 locus
945 298 1160 358 excusationi
1200 295 1418 354 relinquetur
1435 333 1447 355 ,
1494 299 1597 358 quast
1645 307 1746 343 nemo

430 371 479 425 fit
496 402 506 422 ,
539 371 575 410 in
610 380 676 424 quo
708 369 898 411 erudiendo
929 370 1087 410 animum
1127 362 1296 408 habeant
1335 372 1552 422 occupatum.

1055 473 1130 511 41.

557 526 625 571 Ad
653 526 695 569 V
693 527 934 583 niueisstatem
965 525 1130 565 omnibus
1147 555 1160 577 ,
1193 522 1323 580 quibus
1354 523 1485 578 ingenii
1517 525 1622 577 vigor
1649 521 1749 578 inest,

439 593 671 646 cuiuscunque
693 591 830 631 demum
841 591 921 646 stnt
944 588 1152 630 conditionis
1170 620 1181 639 ,
1212 589 1338 631 aditus
1365 595 1472 643 patet
1488 621 1498 641 ‚
1520 583 1608 642 solis
1630 591 1750 643 capite

441 657 552 710 ωαψς
569 657 741 709 exceptis.
777 654 834 697 At
837 655 876 709 fi
892 655 951 708 qui
970 656 982 694 i
1010 664 1110 693 orum
1128 658 1212 693 ante
1234 654 1371 708 recepti
1394 652 1555 694 tirocinii
1569 651 1750 693 rudimen·

439 725 481 759 ta
498 722 571 760 iam
602 718 786 773 pojueruot
804 750 814 769 ,
848 729 968 758 eorum
1002 724 1116 772 opera
1134 716 1342 757 Academia
1360 723 1395 757 et
1410 717 1447 757 in
1462 717 1642 770 reliquum
1659 722 1751 757 tem·

435 790 505 838 pus
531 790 668 823 vtetur.
734 777 930 836 Generofiis
961 780 1117 836 publicis
1157 781 1386 829 Academiae
1404 775 1584 834 sumtibus
1615 778 1669 820 ali
1681 790 1750 820 non

435 846 580 901 placet,
614 847 681 902 nfi
693 848 800 901 sorte
839 857 918 897 eos,
951 845 1078 899 quibus
1109 844 1156 900 cst
1190 856 1252 885 res
1262 842 1474 899 familiaris
1504 844 1657 896 tenuior.
1692 844 1752 885 It-

439 912 520 951 dsm
539 943 549 962 ,
601 922 705 965 quum
742 912 779 950 in
819 910 986 950 examine
1014 904 1153 963 siletmi
1191 907 1417 950 Academicis
1466 907 1754 964 adprobauerint

420 998 423 1004 x
435 973 623 1030 proj'ec’ius
667 969 753 1028 ficos
772 1006 784 1025 ,
832 974 985 1014 eandem
1034 986 1082 1014 ac
1127 972 1361 1014 Academiae
1398 973 1568 1030 equestris
1607 973 1753 1014 iuuenes

426 1034 532 1093 spem
563 1034 654 1092 apffi
666 1038 836 1078 endorum
868 1036 1039 1078 honorum
1071 1035 1221 1078 habent.
1281 1035 1447 1096 Quilibet
1489 1047 1609 1077 eorum
1628 1067 1641 1088 ,
1689 1037 1753 1091 qui

430 1098 475 1156 je
508 1102 639 1142 nobiles
662 1103 816 1157 jerunt,
850 1112 954 1155 quum
986 1102 1132 1141 nomina
1164 1099 1303 1141 dabunt
1318 1098 1569 1156 lniuerfitati,
1601 1107 1752 1155 reprae-

428 1161 580 1220 sentare
613 1165 741 1206 debent
773 1165 898 1205 datum
930 1177 980 1206 ex
1012 1166 1121 1207 curia
1153 1163 1349 1209 heraldi-'ca
1397 1164 1628 1222 testimonium
1644 1195 1656 1216 ,
1688 1175 1752 1205 no·

433 1229 596 1273 ,bilitatis
614 1225 712 1285 suae
750 1228 914 1271 indicem.

1041 1307 1118 1351 42.-

555 1358 639 1418 ¹Qui
668 1359 830 1413 propriis
851 1358 998 1414 student
1016 1356 1194 1411 stantibus
1212 1390 1224 1409 ,
1265 1358 1295 1399 ii
1325 1351 1389 1412 fiii
1428 1356 1520 1398 iuris
1559 1353 1723 1411 cernendi
1741 1389 1754 1411 ‚

443 1434 554 1478 neque
606 1429 736 1462 contra
787 1421 1007 1461 voluntatem
1045 1417 1153 1473 suam
1201 1420 1380 1460 retinendi
1417 1416 1486 1473 sun
1507 1450 1516 1459 .
1600 1422 1658 1464 At
1710 1420 1755 1462 de

442 1486 505 1530 his
528 1516 538 1536 ‚
573 1487 634 1540 qui
652 1481 919 1540 sublimioribus
938 1480 1017 1538 sese
1047 1483 1280 1525 tradiderunt
1299 1483 1433 1539 studiis
1451 1515 1462 1535 ,
1501 1484 1557 1525 ad
1591 1484 1755 1538 legitima

442 1550 644 1592 tribunalia
663 1549 904 1604 ‘reJerendum
936 1549 983 1605 est
1001 1580 1013 1600 ,
1046 1554 1090 1588 vt
1121 1548 1175 1589 ad
1204 1545 1355 1588 altiores
1387 1550 1590 1602 promoueri
1621 1553 1757 1604 queant

435 1614 583 1668 gradus
600 1646 610 1666 ,
643 1615 737 1668 iique
769 1613 948 1666 dignitate
980 1618 1017 1653 et
1047 1610 1123 1654 loco
1148 1619 1268 1668 pares
1287 1607 1395 1667 sunto
1426 1610 1487 1654 his
1507 1644 1518 1666 ‚
1551 1613 1613 1667 qui
1654 1612 1756 1655 ordi—

441 1691 506 1720 nes
538 1678 668 1719 ducunt
700 1678 738 1718 in
770 1676 999 1719 exercitibus.

1054 1749 1129 1789 43-

563 1805 585 1846 Ι
588 1811 669 1846 nter
708 1805 816 1845 initia
856 1815 978 1845 rerum
1018 1800 1237 1860 Proseffores
1263 1835 1274 1855 ‚
1327 1813 1570 1858 quamcunque
1616 1802 1756 1846 demum

442 1869 691 1926 profiteantur
722 1869 768 1909 de
801 1868 908 1909 rebus
941 1866 1136 1925 coelestibus
1176 1867 1378 1908 docirinam
1397 1900 1408 1918 ,
1450 1866 1541 1908 nullo
1580 1864 1756 1923 discrimi-

447 1946 491 1974 ne
523 1932 775 1974 admittuntur.
843 1930 1015 1973 Ceterum
1048 1944 1152 1986 quum
1185 1932 1435 1984 ingrediuntur
1467 1932 1592 1985 prima
1634 1944 1755 1972 mune-

449 1999 505 2039 ris
531 1994 588 2049 Jui
609 1993 741 2051 spatia
759 2029 769 2047 ,
802 1997 883 2037 iure
915 1997 1066 2037 iurando
1099 1996 1266 2052 obstringi
1295 1995 1425 2036 debent
1450 2027 1461 2046 ,
1495 2008 1538 2035 ne
1570 1994 1756 2050 velprae-

446 2063 561 2117 ceptis
594 2060 657 2101 vel
684 2059 822 2118 consilio
855 2060 1059 2103 auditorum
1078 2056 1228 2114 suorum
1264 2059 1414 2102 auribus
1456 2058 1622 2116 instillent
1652 2059 1751 2113 quid-

1626 2134 1740 2178 quam
