1820 2506
884 121 1006 183 >1³0
1045 119 1079 180 )(

792 233 1166 300 ARTES.

801 358 1162 398 TYPOGRAPHIA.

941 436 1014 475 54·

445 482 739 545 Typographiae
759 487 866 545 sunto
897 488 994 530 duae
1011 521 1024 540 ,
1055 499 1211 543 quarum
1243 489 1282 531 in
1312 485 1439 531 altera
1474 492 1634 535 exoticaae

323 559 406 591 rum
425 583 436 603 ‚
470 554 507 593 in
540 552 665 595 altera
698 556 854 606 ruffio-ae
886 552 1030 606 liiguae
1062 553 1149 594 libri
1182 554 1449 609 imprimantur.
1525 557 1567 597 V
1565 559 1634 599 tri-

322 626 391 668 que
419 619 645 672 praeposttus
678 619 724 673 ιφ,-
752 613 918 675 prouzsor
938 649 952 669 ,
983 617 1045 672 qui
1075 616 1276 660 cunc‘Jorum
1309 621 1557 674 operariorum
1573 631 1636 660 cu-

322 689 410 718 ram
433 683 537 732 gerit
555 713 566 732 ,
599 681 769 735 videtque
803 688 846 722 vt
884 693 1006 722 eorum
1038 681 1184 736 quilibet
1203 679 1280 735 sua
1297 695 1377 724 cum
1397 684 1520 739 studio
1543 689 1637 737 agat

321 749 435 796 atque
468 755 572 783 cura.
638 745 695 787 Ac
727 758 770 786 ne
801 745 891 800 quid
907 745 1068 803 fraudis
1101 746 1233 788 maliue
1265 746 1334 788 doli
1359 743 1537 802 proficisci
1550 755 1635 802 pos-

307 806 366 861 stt
414 817 460 846 ex
508 810 629 861 operis
649 841 660 860 ‚
704 810 798 851 idem
840 808 896 850 ille
932 805 1095 864 prouisor
1135 817 1234 866 {ypos
1253 844 1264 863 ,
1293 810 1451 867 formas
1478 844 1490 864 ,
1525 810 1637 866 prela

323 880 436 924 quam
467 870 727 924 diligentiffime
759 873 936 930 czfiodiet.
1005 873 1086 915 Sed
1113 875 1159 915 de
1191 873 1250 917 his
1267 874 1448 930 ampliora
1475 872 1631 929 separa-

323 935 390 974 tim
423 934 605 976 dabuntur
637 939 832 979 mandata
900 935 967 979 De
1001 949 1145 978 numero
1175 947 1297 980 autem
1328 945 1365 980 et
1380 939 1637 981 conditionibus

324 997 468 1053 istorum
502 996 651 1055 libellus,
670 1005 731 1057 qui
755 1003 887 1056 statum
920 1000 1152 1043 Academiae
1168 1005 1334 1056 continet,
1353 1002 1468 1058 plura
1495 1003 1639 1046 tradet.

778 1091 1128 1130 BIBLIOPOLIVM.

303 1263 305 1265 ι
439 1209 651 1268 Bibliopolio
676 1214 897 1266 praeficitur
926 1210 1090 1270 prouisor
1109 1246 1121 1266 ,
1160 1215 1262 1256 cuius
1300 1211 1349 1269 est
1389 1224 1467 1255 cum
1508 1220 1636 1257 trans-

322 1277 482 1319 marinis
511 1275 720 1331 bibliopolis
740 1273 959 1330 fhcietatem
990 1280 1195 1319 commercii
1225 1277 1428 1332 epistolaris
1460 1277 1505 1318 de
1531 1277 1639 1322 libris

323 1340 519 1382 venalibus
561 1342 707 1392 iungere
726 1372 737 1391 ,
777 1347 816 1381 et
854 1353 989 1382 curare
1030 1343 1194 1382 rationes
1228 1342 1376 1395 accepti
1406 1348 1443 1381 et
1477 1343 1635 1397 experfi.

325 1405 429 1447 Huic
460 1404 533 1444 duo
565 1405 809 1458 adiunguntur
829 1400 955 1457 socii,
986 1406 1049 1459 qui
1079 1404 1190 1445 libros
1222 1406 1260 1446 in
1294 1404 1454 1445 taberna
1471 1404 1635 1448 libraria

325 1468 493 1508 ordinent
511 1501 522 1519 ‚
561 1480 691 1522 eosque
708 1468 855 1508 mundos
887 1465 1074 1522 terjbsque
1098 1468 1280 1524 praestent
1301 1501 1311 1518 ,
1342 1465 1530 1523 disponant
1548 1471 1638 1511 item

323 1531 556 1587 exemplaria
575 1565 586 1584 ,
618 1539 656 1573 et
686 1531 859 1573 librorum
890 1535 1076 1573 emtionem
1111 1546 1158 1573 ac
1189 1533 1428 1573 venditionem
1460 1535 1498 1574 in
1535 1535 1635 1576 codi-

322 1610 401 1637 cem
432 1597 617 1653 reserant.
686 1595 893 1650 Bibliopolii
925 1599 1025 1638 ratio
1057 1597 1112 1638 ad
1140 1608 1278 1638 morem
1310 1604 1348 1636 et
1368 1598 1548 1638 rationem
1576 1596 1634 1639 bi-

323 1660 568 1714 bliopoliorum
588 1693 598 1710 ,
632 1670 726 1714 quae
746 1656 835 1714 sient
866 1661 969 1715 apud
983 1667 1129 1702 exteros
1147 1694 1157 1711 ,
1187 1661 1370 1714 exigenda
1390 1694 1400 1712 ‚
1434 1667 1471 1701 et
1503 1661 1549 1701 de
1567 1675 1631 1703 ac-

323 1726 442 1779 ceptis
472 1732 509 1765 et
541 1725 705 1779 expenfis
725 1757 735 1775 ,
768 1726 856 1765 item
887 1725 933 1765 de
964 1737 1109 1766 numero
1139 1724 1310 1766 librorum
1341 1726 1408 1766 vni
1439 1725 1634 1767 Cancella-

324 1791 408 1829 riae
439 1790 539 1830 ratio
570 1789 759 1829 reddenda
791 1789 974 1842 videtur3
1006 1788 1076 1831 hoc
1110 1792 1206 1831 enim
1238 1789 1311 1830 loco
1340 1790 1451 1830 moris
1469 1821 1480 1839 ,
1515 1792 1577 1844 qui
1595 1792 1634 1831 in

327 1851 476 1905 collegio
525 1863 651 1893 rerum
698 1854 971 1895 maritimarum
1004 1854 1139 1894 obtinet
1157 1886 1168 1904 ,
1199 1855 1299 1894 ratio
1348 1852 1484 1894 haberi
1536 1853 1635 1894 nulla

321 1917 440 1971 potest
461 1931 472 1969 3
494 1917 591 1967 fieri
610 1917 705 1957 enim
739 1918 860 1970 nequit
880 1950 890 1969 ,
923 1924 969 1958 vt
1006 1918 1169 1974 constans
1198 1917 1304 1958 libris
1320 1920 1481 1972 pretium
1486 1917 1635 1972 statua-

325 1987 389 2022 tur
412 1995 422 2033 3
452 1987 657 2034 praeterea
690 1982 850 2022 venditio
881 1981 1054 2022 librorum
1084 1982 1209 2022 variis
1224 1982 1284 2030 fit
1314 1982 1428 2022 modis
1449 2011 1461 2031 ‚
1493 1987 1538 2022 vt
1570 1988 1634 2022 ta-

326 2057 430 2084 ceam
466 2044 649 2087 achorum
682 2051 720 2088 et
750 2046 941 2090 editionum
971 2046 1250 2102 diueisstatem,
1282 2056 1377 2104 quae
1403 2053 1495 2102 pene
1528 2047 1631 2086 innu-

327 2121 433 2153 mera
465 2108 527 2166 est.
1522 2104 1629 2152 ARS
