1820 2506
138 179 222 223 DE
238 174 486 222 ACTIONE
506 164 900 218 MENSTRVORV
899 167 956 216 M
974 170 1332 220 HYMICORVM
1364 191 1387 219 2
1395 175 1451 231 53

137 298 175 339 di
207 297 393 338 volumen
427 297 521 337 aeris
552 307 684 336 renato
719 295 860 336 clatere
893 295 1050 349 expansi
1082 296 1128 336 ad
1161 296 1361 338 volumem
1379 298 1455 352 spi-

132 362 225 402 ritus
257 371 296 402 et
329 361 491 402 mettalli
523 358 630 401 fuiffe
664 371 708 400 vt
740 364 797 402 68
833 360 879 400 ad
919 372 936 397 1
966 373 976 413 'a
1013 360 1060 400 ad
1093 360 1293 402 metallum
1330 375 1453 415 vem,

133 426 236 466 cuius
274 438 351 465 vna
384 425 565 465 drachma
598 435 680 465 erat
712 424 860 476 soluta,
894 434 938 464 vt
959 435 1096 471 2312:
1139 437 1175 463 1.
1213 425 1280 466 Ex
1306 425 1365 466 his
1380 438 1451 466 ex-

131 490 354 543 perimentis
372 488 643 530 euidentiffime
661 488 782 530 elucet
801 523 811 542 ,
846 501 969 529 aerem
988 501 1058 543 per
1093 501 1209 542 poros
1235 503 1449 542 corporum

131 551 418 594 disseminatum
452 554 605 606 integro
639 553 715 593 fere
748 553 801 594 sui
834 553 974 593 elatere
1014 552 1194 605 destitui,
1245 564 1283 593 et
1315 564 1449 594 contra

129 617 324 671 particulis
352 617 430 656 eius
462 628 513 656 ex
546 617 720 670 angustiis
752 629 964 670 corporum
997 616 1164 658 liberatis
1201 626 1240 657 et
1256 617 1293 659 se
1311 628 1448 660 mutuo

127 680 438 735 contingentibus
455 712 467 730 ,
502 679 683 720 elaterem
717 679 814 720 illius
854 681 982 721 denuo
1017 681 1174 722 restitui.

265 745 300 794 ς.
341 746 409 783 26.
445 745 596 785 Renata
637 743 730 784 haec
764 745 857 785 aeris
889 743 1041 785 elastica
1081 746 1204 786 virtus
1241 758 1357 800 quam
1401 745 1449 787 fit

124 807 249 849 valida
269 840 280 860 ‚
314 807 490 863 stupendi
521 810 600 850 eius
633 807 789 848 effeetus
821 808 1039 862 loquuntur.
1107 809 1166 852 Ea
1205 810 1312 850 enim
1346 809 1445 863 vala,

121 872 164 913 in
195 872 328 926 quibus
377 885 473 927 aqua
524 873 564 913 in
615 872 779 927 glaciem
829 872 1103 925 constringitur
1120 906 1131 925 ‚
1184 883 1415 927 rumpuntur
1430 905 1445 926 ‚

119 934 290 991 stlopeta
306 935 423 979 ferrea
440 936 550 977 vasto
572 935 719 991 fragore
749 936 854 976 edito
884 934 1075 976 diffiliunt.
1142 934 1346 977 Nimirum
1379 950 1443 977 ur-

118 1009 234 1053 gente
266 1001 404 1056 fiigore
420 1033 431 1054 ‚
464 1013 558 1055 aqua
591 1001 631 1041 in
666 1001 792 1041 minus
824 999 985 1054 spatium
1004 1010 1222 1053 coercetur,
1258 1000 1347 1054 pori
1364 1002 1445 1042 eius

118 1063 322 1106 strictiores
356 1065 565 1106 redduntur
583 1097 595 1118 ,
629 1077 692 1106 aer
725 1077 778 1105 ex
811 1064 887 1104 illis
905 1064 1057 1105 eliditur
1076 1097 1087 1117 ‚
1123 1064 1340 1106 testantibus
1357 1064 1445 1106 bul-

118 1127 165 1169 lis
198 1128 452 1183 frequentibus
469 1161 480 1180 ,
515 1141 606 1182 quas
637 1129 775 1181 frigens
807 1141 902 1182 aqua
935 1129 1113 1168 emittere
1132 1128 1238 1180 solet,
1274 1130 1442 1181 particu-

118 1190 179 1232 lae
211 1193 288 1232 eius
328 1191 436 1232 elisae
475 1191 539 1231 fibi
577 1200 715 1232 mutuo
756 1200 991 1244 occurrunt,
1034 1200 1074 1231 et
1114 1191 1441 1244 homogeneitatls

118 1254 225 1296 causa
256 1257 297 1295 in
329 1268 454 1296 vnum
487 1266 759 1296 coaceruantur
777 1288 788 1308 ,
829 1257 1002 1295 innatum
1035 1255 1102 1295 fibi
1121 1288 1131 1306 ‚
1166 1255 1226 1296 sed
1262 1264 1351 1296 ante
1367 1268 1440 1309 per

116 1319 416 1373 segregationem
436 1317 611 1360 amiffum
632 1353 642 1372 ‚
676 1320 856 1360 elaterem
872 1329 1098 1373 recuperant
1116 1353 1127 1372 ,
1162 1320 1440 1373 extenduntur,

118 1383 277 1424 bullulas
323 1382 492 1424 formant
511 1417 521 1436 ,
556 1394 594 1424 et
626 1383 675 1424 fic
710 1395 762 1424 ex
795 1382 977 1424 concursu
1015 1385 1300 1424 innumerarum
1344 1385 1441 1425 aeris

112 1448 383 1500 particularum
416 1448 623 1489 innumeris
656 1448 766 1488 bullis
796 1448 893 1488 natis
926 1461 1021 1502 aqua
1053 1450 1093 1488 in
1133 1448 1298 1501 glaciem
1340 1448 1434 1489 iam-

111 1512 188 1552 iam
223 1512 353 1552 abiens
385 1513 649 1565 expanditur,
694 1521 734 1551 et
773 1511 989 1552 solidissima
1030 1512 1094 1552 illa
1136 1512 1221 1552 vasa
1241 1544 1253 1564 ,
1301 1512 1436 1566 quibus

110 1574 249 1616 inclusa
283 1576 337 1616 est
355 1609 365 1629 ‚
401 1576 614 1629 disrumpit.
682 1575 830 1616 Veritas
863 1574 957 1616 haec
992 1587 1042 1615 eo
1061 1576 1176 1615 etiam
1195 1575 1434 1616 demonstra-

110 1649 198 1692 tur,
232 1641 336 1693 quod
367 1640 504 1694 glacies
534 1652 586 1680 ex
619 1639 788 1693 disruptis
821 1640 916 1679 vasis
952 1649 1105 1693 recepta
1126 1640 1335 1680 innumeris
1353 1640 1434 1681 sca-

111 1712 186 1744 teat
219 1703 328 1743 bullis
346 1737 356 1756 ‚
390 1705 553 1758 ideoque
585 1704 697 1745 omni
730 1702 809 1743 fere
842 1702 1098 1756 pelluciditate
1133 1713 1246 1743 caret.

257 1768 290 1815 §.
333 1777 402 1816 27.
439 1768 509 1807 His
540 1768 781 1809 consideratis
810 1779 890 1807 non
925 1768 997 1807 erit
1031 1767 1187 1807 arduum
1230 1767 1432 1810 ostendere

107 1831 226 1885 ipsam
261 1832 343 1871 vim
362 1864 372 1883 ‚
406 1845 479 1885 qua
512 1832 716 1885 particulae
754 1831 898 1872 metalli
932 1830 1078 1872 auulsae
1111 1844 1182 1885 per
1207 1832 1355 1885 spiritus
1389 1844 1429 1873 a·

108 1896 213 1937 eidos
251 1895 454 1935 vibrantur.
537 1894 735 1948 Siquidem
778 1895 985 1950 particulae
1026 1896 1146 1946 aeris,
1189 1908 1285 1949 quae
1335 1908 1428 1937 cum

107 1959 238 2013 spiritu
273 1972 388 2012 poros
421 1959 563 1999 metalli
596 1959 766 1999 soluendi
800 1960 966 2010 intrant,
1005 1959 1213 2012 iunguntur
1250 1972 1338 2000 cum
1382 1959 1429 2000 il-

106 2024 179 2075 lis,
215 2035 309 2077 quae
341 2032 447 2062 antea
480 2025 518 2062 in
551 2023 709 2064 metallo
751 2023 957 2063 haerebant
992 2021 1049 2078 (§.
1076 2029 1165 2075 21.)
1201 2036 1278 2077 quo
1320 2021 1427 2064 facto

107 2085 278 2128 amissam
312 2086 394 2128 vim
425 2087 613 2128 elasticam
646 2086 868 2141 resumunt,
912 2085 983 2143 (§.
1024 2099 1093 2140 24.
1137 2098 1209 2139 25.
1252 2089 1343 2136 26.)
1382 2088 1425 2128 in

1307 2161 1434 2193 maius
