1820 2506
398 202 484 244 ηε
709 190 1019 256 mommo
1059 183 1123 233 m
1163 184 1397 243 LEGEM,

534 315 571 363 §.
612 315 680 352 18.
716 308 757 351 Si
791 309 1080 363 praecedentem
1111 305 1390 359 paragraphum
1431 302 1712 346 consideramus

396 388 440 419 et
469 377 700 419 conterimus
733 372 922 414 calculum
954 369 1157 410 secundum
1189 368 1315 422 legem
1346 381 1473 410 meam
1506 380 1599 409 cum
1641 378 1711 406 ex-

399 440 622 497 perimentis
639 472 649 491 ,
685 439 823 478 miram
857 433 1169 475 conuenientiam
1202 433 1390 473 cernimus
1410 463 1421 484 ,
1453 439 1499 472 vt
1530 431 1623 472 hinc
1656 431 1714 469 iu-

394 504 603 546 dicandum
637 503 691 553 sit,
724 499 819 540 ae'ris
851 496 1079 551 temperiem
1112 505 1290 551 tempore
1322 495 1577 549 experimenti
1609 489 1717 535 fuifl‘e

401 569 574 610 maxime
614 563 850 605 constantem
867 594 878 614 ,
920 570 959 601 et
1001 572 1164 601 omnem
1204 559 1418 615 poffibilem
1453 557 1637 599 solertiam
1669 556 1716 598 ab

395 633 756 686 experimentatore
796 624 1005 666 adhibitam
1045 623 1163 665 suifle.
1241 624 1345 665 Mira
1381 634 1480 664 vero
1519 621 1722 663 harmonia.

396 695 480 738 sola
514 693 596 734 satis
627 690 859 733 demonstrat
890 689 983 743 legis
1013 689 1188 729 inuentae
1220 689 1438 729 veritatem.
1503 683 1546 729 Si
1587 684 1723 739 gradus

404 756 624 799 Columnae
668 763 820 809 quartae
857 765 956 794 vero
993 750 1209 806 affpicimus
1224 785 1235 805 ,
1278 753 1344 807 qui
1383 753 1454 791 sec.
1492 749 1590 804 hyp.
1623 747 1721 789 eruti

398 822 489 864 sunt
500 854 516 875 ,
548 822 792 861 decrementa
823 815 898 858 effe
939 817 979 856 in
1021 817 1166 857 ratione
1199 815 1453 870 subduplicata
1485 823 1721 867 temporum,

402 885 695 939 discrepantiam
727 882 837 922 initio
870 890 909 921 et
943 870 1376 932 fine‘obseruationum,
1409 877 1478 918 vbi
1494 876 1724 932 asuppofito

410 950 529 1004 gradu
577 946 709 1001 gradus
748 945 922 985 maxime
968 944 1105 985 distant
1119 977 1130 997 ‚
1173 952 1320 984 tantam
1361 941 1599 983 obseruamus
1622 973 1633 993 ,
1681 947 1727 981 vt

407 1011 558 1068 prorsus
590 1023 671 1051 non
703 1007 893 1048 satisfaciat
909 1005 990 1048 fini.
1061 1007 1195 1048 Taceo
1226 1005 1453 1061 impoffibile
1486 1019 1539 1047 ex
1580 1003 1729 1046 calculo

407 1076 538 1130 sequi,
569 1073 645 1115 scil.
683 1072 917 1124 temperiem
950 1083 1067 1125 aquae
1098 1071 1169 1112 sec.
1207 1070 1395 1112 calculum
1428 1070 1480 1110 ita
1519 1067 1733 1110 decrescere

411 1139 551 1181 debere
575 1171 587 1190 ,
629 1145 675 1176 vt
691 1135 787 1175 a'e'ris
803 1135 1003 1188 temperies
1019 1147 1105 1175 eam
1124 1138 1153 1174 6
1186 1135 1319 1187 gradus
1350 1134 1496 1189 superet
1509 1166 1521 1186 ,
1552 1131 1656 1189 quod
1670 1143 1731 1173 re-²

410 1209 574 1259 pugnat.

565 1260 600 1314 ξ.
640 1273 708 1313 19.
744 1257 786 1303 Si
815 1274 916 1302 nunc
947 1261 995 1302 ad
1025 1264 1337 1317 experimentum
1368 1260 1462 1303 VII.
1497 1259 1734 1315 respicimus,

415 1325 522 1372 facile
553 1336 735 1383 apparet,
767 1326 994 1367 decrementa
1025 1325 1157 1369 caloris
1189 1329 1226 1369 in
1243 1328 1411 1383 temporis
1425 1324 1614 1382 particulis
1642 1332 1735 1380 par-

414 1397 478 1437 vis
512 1390 720 1448 aequalibus
745 1423 755 1441 2
777 1391 818 1446 fi
848 1388 962 1446 maffiz
983 1390 1126 1447 frigori
1156 1393 1316 1448 equsita
1338 1386 1621 1446 supeificiesque
1661 1389 1737 1429 eius

414 1465 451 1500 et
483 1457 682 1513 temperies,
705 1455 805 1497 aeris
840 1454 1098 1511 refrigerantis
1130 1464 1253 1497 manet
1284 1457 1429 1507 eadem,
1460 1454 1525 1512 effe
1557 1463 1601 1497 vt
1631 1454 1739 1511 diff·-

415 1523 557 1564 rentias
588 1522 681 1561 inter
713 1519 920 1572 temperiem
961 1516 1096 1574 massae
1136 1520 1416 1577 refrigerandae
1455 1527 1492 1562 et
1531 1520 1737 1574 temperiem

415 1584 514 1627 ae'ris
545 1582 819 1640 refrigerantis.
887 1579 1094 1622 Descendit
1126 1585 1231 1625 enim
1262 1584 1471 1626 mercurius
1485 1584 1650 1638 quinque
1665 1582 1736 1623 mi·

417 1646 515 1711 nutis
544 1648 676 1702 primis
709 1658 779 1700 per
809 1647 855 1695 6}
885 1646 1042 1698 graduS,
1077 1645 1153 1687 scil.
1190 1661 1211 1689 a
1245 1651 1361 1703 gradu
1387 1659 1487 1702 177}
1504 1654 1731 1706 adgr.171.

416 1711 627 1755 Descendit
660 1720 759 1751 vero
789 1709 908 1749 etiam
939 1722 961 1750 a
994 1722 1052 1763 gr.
1090 1722 1194 1761 1155
1227 1714 1274 1754 ad
1311 1725 1391 1762 113
1414 1746 1425 1766 ‚
1461 1716 1486 1756 j,
1523 1730 1557 1758 e,
1595 1728 1664 1772 per
1691 1727 1737 1763 2&

416 1786 474 1832 gr..
525 1774 665 1830 pariter
727 1785 798 1827 per
847 1774 1011 1827 quinque
1069 1776 1214 1817 minuta
1277 1779 1413 1830 prima.
1491 1777 1588 1821 Sunt
1643 1792 1738 1834 ergo

417 1842 666 1882 decrementa
704 1846 750 1878 vt
780 1839 826 1885 6¹3
865 1837 912 1878 ad
950 1849 1004 1886 23.
1081 1836 1185 1879 Cum
1225 1842 1427 1895 temperies
1459 1845 1554 1885 a'e'ris
1586 1844 1739 1900 refrige-

417 1905 531 1946 rantis
561 1903 608 1944 sit
639 1904 711 1944 68.
745 1902 942 1955 graduum,
963 1902 1033 1942 erit
1065 1903 1274 1944 differentia
1307 1907 1404 1947 inter
1421 1909 1649 1962 temperiem
1673 1913 1736 1952 ag-

419 1970 468 2010 ris
510 1976 548 2007 et
588 1967 815 2020 temperiem
862 1973 961 2016 177}
1002 1978 1056 2019 gr.
1107 1979 1206 2017 109.
1246 1980 1285 2006 2.
1328 1977 1366 2008 et
1398 1969 1609 2015 differentia
1643 1974 1739 2016 inter

421 2030 653 2083 temperiem
686 2030 782 2071 a'e'ris
815 2029 976 2070 eandem
1009 2038 1047 2069 et
1080 2031 1306 2084 temperiem
1345 2044 1449 2082 1155
1481 2048 1538 2088 gr.
1584 2046 1655 2088 47,
1698 2049 1740 2088 ς,

423 2092 495 2139 Est
527 2105 623 2135 vero
659 2106 757 2144 1092
783 2106 807 2130 2
843 2093 889 2133 ad
907 2102 977 2143 47.
1005 2096 1318 2151 5:652213337
1363 2110 1455 2154 ergo
1473 2098 1590 2145 fenne
1623 2107 1742 2155 :65

1696 2167 1753 2209 adr
