1820 2506
326 161 410 206 DE
440 159 617 204 MOTV
644 156 931 204 NODORVM
965 158 1044 203 LV
1043 159 1167 204 NAE
1318 175 1342 216 3
1348 180 1377 218 9
1383 179 1405 218 ς

97 283 288 338 specimen
307 313 318 333 ,
352 293 404 321 ex
434 292 514 334 quo
546 280 621 320 eius
661 279 809 331 indoles
847 279 1010 333 intelligi
1050 282 1197 334 poterit
1222 314 1234 334 ,
1293 282 1408 324 exhi-

99 347 246 388 bebitur
264 379 275 398 ‚
308 345 371 385 sed
404 346 520 384 etiam
551 345 822 385 determinatio
856 354 987 386 motus
1025 343 1110 386 solis
1148 345 1254 387 viam
1297 359 1411 401 prae·

97 412 243 465 parabit
276 410 322 449 ad
353 418 509 450 motum
541 408 651 448 lunae
681 408 953 450 definiendum.
1016 408 1245 465 Quanquam
1280 421 1410 452 autem

99 487 231 516 reuera
262 484 361 515 terra
391 474 490 513 circa
526 472 646 514 solem
677 473 970 526 circumfertur3
1005 481 1136 514 tamen
1167 475 1349 528 quoniam
1369 477 1409 518 in

100 532 333 579 astronomia
367 550 446 577 non
476 547 556 577 tam
587 548 717 578 motus
749 538 862 588 veri,
904 549 1017 590 quam
1058 548 1286 593 apparentes
1325 539 1409 593 spe-

101 603 253 644 ctantur
270 634 280 654 ‚
315 601 573 655 quaestionem
608 603 660 641 ita
691 613 983 654 proponamus,
1026 611 1072 642 vt
1113 612 1242 643 motus
1279 603 1412 644 relati-

100 679 172 708 vus
203 664 447 706 determinari
480 665 615 704 debeat
632 697 643 715 ,
678 678 756 718 quo
789 664 843 704 sol
875 677 926 704 ex
952 674 1051 704 terra
1069 699 1080 719 ,
1116 679 1210 720 quae
1227 675 1410 721 tanquam

100 729 286 785 quiescens
316 728 526 781 spectatur,
561 729 715 768 moueri
758 729 935 768 cernitur.
999 729 1089 770 Hoc
1122 743 1214 784 ergo
1246 731 1328 773 casu
1355 731 1411 772 se—

100 794 264 834 cundum
298 801 500 845 praecepta
532 792 784 833 mechanicae
818 789 968 832 neceffe
986 793 1041 833 est
1059 826 1071 846 ,
1106 804 1151 834 vt
1168 796 1300 847 primo
1318 808 1411 836 mo-

98 865 184 898 tum
202 889 213 909 ,
247 868 325 909 quo
361 865 461 895 terra
491 868 622 896 reuera
654 857 898 910 progreditur
916 890 926 908 ‚
961 857 1002 897 in
1035 858 1214 910 opposita
1231 859 1412 900 direc'tio-

97 933 148 962 ne
186 921 226 961 in
267 919 384 960 solem
425 919 682 959 transferamus
709 936 717 960 :
761 919 820 959 seu
863 928 909 958 vt
942 919 1020 958 toti
1052 919 1174 972 spatio
1190 952 1201 972 ‚
1243 921 1285 959 in
1328 933 1408 974 quo

95 984 151 1026 sol
185 993 224 1024 et
257 992 354 1023 terra
387 983 605 1023 continetur
621 1015 633 1034 ‚
666 991 823 1023 motum
854 981 1051 1036 aequalem
1094 992 1133 1023 et
1171 985 1409 1026 contrarium

95 1048 133 1089 ei
151 1059 228 1101 quo
247 1056 344 1087 terra
362 1055 562 1099 mouetur,
579 1047 753 1098 imprimi
773 1046 1052 1098 concipiamus:
1080 1059 1159 1101 quo
1176 1048 1293 1102 pasto
1311 1058 1411 1090 terra

97 1113 144 1153 ad
162 1114 330 1164 quietem
348 1110 553 1162 redigetur.
589 1107 744 1150 Deinde
760 1121 858 1148 vero
875 1121 924 1148 ne
940 1121 960 1148 a
978 1110 1119 1150 viribus
1137 1112 1326 1151 continuo
1337 1113 1411 1153 sol-

97 1173 328 1215 licitantibus
347 1182 442 1212 terra
461 1184 514 1213 ex
533 1172 611 1213 hoc
628 1172 723 1213 statu
737 1172 969 1224 deturbetur,
978 1172 1091 1213 simili
1109 1174 1232 1214 modo
1250 1175 1411 1229 requiri-

97 1246 224 1290 ται-,νε
239 1245 363 1276 totum
382 1236 476 1276 illud
495 1237 655 1290 spatium
674 1236 811 1291 quouis
829 1246 1039 1278 momento
1057 1249 1079 1277 a
1093 1237 1235 1278 viribus
1253 1247 1412 1279 contra·

96 1303 161 1343 riis
188 1309 226 1341 et
244 1300 457 1353 aequalibus
479 1299 670 1341 sollicitari
695 1301 972 1355 imaginemur3
993 1300 1068 1341 fiue
1095 1311 1141 1342 vt
1158 1310 1350 1356 perpetuo
1368 1303 1411 1343 in

96 1364 219 1420 ipsum
248 1364 368 1403 solem
401 1364 549 1404 easdem
574 1365 693 1416 vires,
713 1365 845 1419 quibus
868 1373 1010 1405 terram
1033 1364 1379 1419 impelli'nouimus
1397 1399 1409 1420 ,

93 1430 154 1471 ssed
171 1431 209 1469 in
219 1427 485 1468 directionibus
502 1429 697 1468 contrariis
706 1438 836 1470 mente
853 1428 1128 1469 transferamus.
1149 1430 1258 1471 Haec
1269 1431 1409 1471 eadem

95 1501 299 1547 praecepta
317 1500 426 1530 erunt
443 1491 682 1543 obseruanda,
700 1493 925 1548 sigdeinceps
943 1493 1084 1532 nostras
1101 1494 1410 1546 inuestigationes

95 1557 142 1596 ad
160 1556 286 1596 lunam
304 1566 454 1608 quoque
471 1556 750 1609 extendemus3
768 1555 920 1608 semper
938 1555 1075 1596 scilicet
1086 1587 1097 1607 ,
1117 1557 1202 1609 quia
1219 1556 1408 1610 spectato-

96 1632 175 1660 rem
198 1621 235 1658 in
254 1627 352 1657 terra
369 1619 630 1672 concipimus,
651 1619 802 1672 eiusque
818 1617 990 1671 respectu
1016 1628 1144 1659 motus
1159 1632 1295 1659 omnes
1312 1621 1410 1660 diiu-

94 1684 281 1732 dicamus,
300 1691 456 1722 motum
475 1692 597 1722 terrae
605 1690 688 1722 tam
705 1683 744 1721 in
762 1682 883 1722 solem
898 1715 909 1734 ,
930 1695 1045 1735 quarn
1063 1682 1194 1723 lunam
1213 1684 1409 1724 contrario

98 1747 221 1786 modo
239 1746 412 1783 inducere
433 1755 604 1798 oportet3
624 1755 709 1786 tum
729 1759 825 1786 vero
844 1746 1004 1799 singulae
1024 1746 1149 1798 vires,
1168 1747 1301 1800 quibus
1312 1756 1409 1788 terra

98 1809 334 1857 sollicitatur,
354 1816 493 1859 pariter
520 1809 559 1846 in
586 1810 784 1849 contrariis
811 1810 1084 1850 directionibus
1110 1820 1185 1851 tam
1205 1810 1272 1851 soli
1290 1823 1410 1865 quam

98 1872 205 1911 lunae
250 1870 378 1922 affingi
419 1870 618 1911 debebunt.
655 1873 811 1926 Hacque
836 1875 986 1914 ratione
1011 1884 1091 1914 tam
1119 1875 1157 1914 in
1178 1875 1274 1927 tole,
1293 1888 1407 1928 quam

99 1936 140 1974 in
173 1935 256 1974 luna
292 1947 357 1973 cos
374 1933 470 1987 ipsos
501 1944 628 1975 motus
662 1936 919 1978 obtinebimus
939 1970 950 1989 ,
984 1950 1064 1978 non
1105 1939 1240 1992 quibus
1281 1951 1413 1979 reuera

100 2006 334 2047 mouentur,
375 1997 436 2037 sed
478 2000 609 2051 quibus
650 1998 852 2052 spectatori
886 2002 925 2040 in
960 2013 1096 2042 centro
1129 2012 1249 2042 terrae
1283 2003 1411 2056 posito

100 2072 138 2103 et
158 2072 334 2115 tanquam
353 2062 543 2103 immobili
576 2063 812 2104 considerato
828 2097 839 2115 ‚
873 2066 1024 2106 moueri
1042 2067 1247 2121 apparituri
1272 2060 1409 2106 effent'.

673 2125 716 2167 D
733 2128 757 2168 d
774 2127 798 2168 d
819 2140 842 2167 2
1296 2132 1332 2179 ᾗ.
1365 2132 1410 2168 6.
