1820 2506
256 139 718 212 OBSERVATIONES
754 152 1149 209 ANATOM‘J‘CAE
1357 176 1458 222 ³4³

127 295 185 329 tur
205 318 215 337 ,
256 297 337 339 quo
376 294 485 325 caute
526 284 676 335 ablato,
711 278 924 338 superficies
956 284 1106 324 interna
1137 295 1218 324 non
1251 283 1464 328 videbatur

127 349 297 392 inuestita
341 346 418 389 effe
459 348 632 401 singulari
674 350 799 388 tunica
840 349 938 391 laeui
973 360 1096 401 neque
1130 349 1246 389 etiam
1282 349 1455 404 villosa3

125 414 186 455 sed
227 423 307 454 erat
349 414 475 466 potius
508 413 651 453 laciniis
683 411 930 453 fi2.21ment0s1s
947 444 958 464 ,
1000 411 1173 451 tenuibus
1191 444 1203 464 ,
1236 413 1460 466 irregulari-

127 479 194 519 bus
213 510 224 529 ,
254 476 381 531 quales
415 489 483 530 per
515 476 791 516 detractionem
832 476 982 516 alicuius
1015 476 1263 516 membranae
1297 489 1461 530 genera·

125 543 159 582 ri
200 541 320 581 solent
338 573 349 591 ‚
391 540 522 580 oblita.
588 541 772 597 Qiamuis
812 539 912 581 nulla
950 539 1124 580 distincta
1156 541 1285 599 oscula
1320 553 1455 582 cerne-

126 605 288 647 bantur:
343 613 470 659 tumen
520 613 635 644 vtero
676 603 846 656 paullum
888 601 1112 657 compreffo
1155 616 1255 644 mox
1291 604 1454 657 plurimi

125 668 318 711 canaliculi
360 665 510 707 subtiles
544 675 719 721 repentes
758 667 1032 719 detegebantur
1066 667 1242 720 languine
1276 669 1448 723 turgidi,

125 744 239 787 quem
282 733 323 771 in
362 730 588 787 cauit-atemq
606 732 707 771 vteri
746 723 1005 772 effundebant.
1074 730 1280 785 Virgineus
1323 741 1451 773 vterus

124 795 298 836 exhibuit
330 792 564 847 superficiem
598 807 678 835 non
720 796 1057 836 membran-accam
1078 828 1090 847 ,
1122 793 1185 836 sed
1219 794 1453 838 subtiliffime

122 858 309 901 villosam.
375 857 517 897 Vterus
563 869 694 899 autem
742 859 892 898 vetulae
941 859 1096 899 alterius
1135 859 1305 899 asciticae
1332 892 1343 911 ,
1385 859 1453 914 qui

123 931 211 963 toto
251 921 382 963 habitu
421 921 487 961 suo
528 913 810 962 indurationem
854 921 1045 974 quandam
1081 933 1172 974 prae
1211 920 1246 961 se
1278 920 1420 963 ferebat
1439 955 1451 976 ‚

121 997 203 1026 non
245 985 365 1026 solum
404 984 642 1038 superficiem
681 985 844 1037 lenigata·
894 984 1121 1025 *membrana
1162 984 1359 1026 inductam
1393 986 1456 1028 sed

122 1061 207 1090 eam
249 1060 402 1103 quoque
442 1048 739 1102 expansionibus
778 1047 850 1089 suis
880 1047 1007 1090 varios
1033 1047 1198 1089 loculos
1246 1046 1458 1092 efforman-

125 1121 206 1154 tem
239 1111 572 1153 commonstrauit.

260 1174 377 1216 VIII
413 1172 600 1215 Detracta
633 1174 803 1228 penitus,
813 1173 934 1228 qualis
947 1134 1048 1215 mihi
1067 1173 1276 1229 videbatur,
1297 1177 1457 1219 interio-

124 1250 166 1281 re
196 1226 325 1280 tunica
357 1238 459 1279 vteri
487 1239 727 1293 praegnantis
757 1243 967 1292 apparuere
1001 1238 1179 1292 plurima
1197 1238 1308 1280 strata
1343 1240 1457 1282 fibra-

124 1315 211 1344 rum
250 1302 530 1343 muscularium.
598 1302 684 1344 Hae
715 1301 833 1342 fibrae
865 1302 949 1342 sunt
981 1302 1117 1356 planae
1136 1334 1147 1353 ‚
1182 1302 1422 1358 compressae
1441 1338 1453 1358 ,

124 1367 178 1408 ad·
211 1366 410 1408 dimidiam
452 1366 594 1407 lineam
633 1365 846 1406 latiusculae
875 1366 1052 1418 rugofiie,
1085 1366 1145 1405 vti
1177 1365 1295 1407 fibrae
1335 1370 1456 1409 carnis

125 1430 257 1471 τοδὶ-«1ο
276 1463 287 1482 ,
317 1429 383 1472 fibi
401 1429 568 1470 inuicem
600 1430 808 1484 parallelae
837 1430 1074 1470 accubantes.
1124 1428 1357 1473 Musculares
1383 1443 1454 1473 vo-

124 1505 175 1534 co
194 1527 204 1546 ‚
234 1494 322 1548 quia
356 1494 496 1548 partim
527 1493 586 1535 ob>
608 1494 784 1534 colorem
835 1493 1085 1534 rubicundum
1125 1507 1304 1535 carneum
1323 1528 1334 1548 ,
1369 1508 1457 1550 par·

124 1557 196 1598 tim
230 1557 284 1598 ob
316 1556 537 1598 structuram
575 1556 669 1597 nulli
703 1557 766 1597 ahi
805 1557 860 1596 rei
893 1557 1192 1610 aequiparandos
1232 1559 1338 1599 noui.
1379 1558 1458 1601 Di-

124 1621 245 1662 reuio
287 1633 416 1662 earnm
458 1621 561 1661 varia
600 1620 654 1660 est
671 1653 682 1672 ,
723 1633 795 1660 nec
837 1620 934 1660 adeo
978 1620 1112 1660 exadte
1155 1622 1457 1665 determinanda.

126 1683 342 1726 Musculum
376 1684 484 1725 illum
518 1684 770 1725 orbicularem
804 1683 1091 1735 Ruyschianum
1126 1685 1166 1725 in
1201 1684 1318 1726 fundo
1352 1688 1453 1729 vteri

126 1760 206 1787 non
238 1748 367 1787 inueni
385 1779 396 1797 ,
429 1747 492 1788 sed
528 1749 606 1788 eius
639 1748 732 1788 loco
764 1750 804 1788 in
838 1757 1002 1801 vtroque
1042 1748 1158 1788 latere
1189 1749 1290 1789 circa
1324 1749 1450 1792 oscula

127 1810 299 1850 tubarum
335 1808 626 1863 filllopianarum
665 1812 795 1852 detexi
846 1811 989 1864 insigne
1037 1811 1192 1852 stratum
1241 1813 1422 1854 circulare
1442 1847 1453 1868 ,

127 1881 304 1927 tanquam
345 1873 481 1914 orbem
522 1874 768 1916 m-uscularem
788 1909 800 1928 ,
851 1876 902 1915 ita
951 1883 998 1914 vt
1040 1875 1209 1916 osculum
1241 1877 1353 1917 tubae
1388 1889 1455 1919 or-v

130 1937 185 1978 bis
215 1947 386 1977 centrum
425 1937 470 1978 fit
486 1971 498 1990 ‚
541 1948 580 1978 et
621 1938 785 1979 latitudo
823 1939 925 1979 orbis
967 1939 1014 1978 ad
1056 1940 1248 1993 pollicum
1282 1941 1449 1983 duorum

128 1999 362 2040 latitudinem
396 2001 692 2056 quaquauorsum
726 2012 917 2042 excurrat.
963 2002 1070 2042 Haec
1092 2003 1204 2055 igitur
1221 2004 1331 2045 strata
1350 2017 1449 2046 con-

129 2062 274 2105 fider-ars
306 2061 461 2117 poffunt
498 2078 568 2107 ceu
605 2067 690 2109 duo*
715 2065 873 2108 musculi
906 2066 1134 2108 orbiculares
1166 2067 1336 2110 laterales
1355 2101 1365 2120 ,
1402 2082 1450 2108 ο-

1321 2131 1450 2173 rificio
