1820 2506
176 743 244 773 Tab.
280 742 346 774 XV.

210 783 258 822 fig.
289 793 315 817 1,

377 205 401 244 3
413 199 467 239 80
795 189 1257 236 DESCRIPTIONES

371 313 560 356 floriferae
598 312 768 351 summae
799 318 945 350 tantum
976 308 1102 363 pictae
1132 309 1219 349 sunt
1232 342 1243 361 ‚
1279 307 1441 362 reliquae
1459 343 1470 362 ,
1502 318 1553 350 vt
1578 309 1680 351 labo-

371 379 406 419 ri
440 376 597 430 pictoris
629 382 847 428 parceretur
865 405 876 424 ,
911 373 1046 426 absque
1080 372 1238 412 floribus
1268 371 1476 424 desig-mitae
1496 406 1507 424 ,
1540 374 1682 414 florum

373 450 504 479 tamen
537 438 658 491 figura
689 449 742 477 ex
776 437 1026 489 descriptione
1066 436 1194 490 potius
1213 468 1224 487 ,
1257 448 1370 489 quam
1405 448 1457 475 ex
1490 436 1681 481 iconead-

375 502 546 544 discenda
579 501 646 544 est.
685 500 738 543 A.
768 498 906 541 folium
938 499 1098 540 radicale
1130 499 1287 540 naturali
1328 498 1604 553 magnitudine-

840 596 922 638 DE
959 595 1220 639 LVNARIA

659 661 763 718 soliis
795 660 965 716 ellipticIs
1004 662 1182 702 incondite
1214 662 1396 703 dentatis.

513 728 625 770 Hanc
658 727 695 766 b.
732 722 913 766 Stellerus
946 727 984 765 in
1018 726 1203 767 America
1237 723 1520 778 septentrionali
1562 732 1687 765 matu*

376 804 461 833 rum
494 793 568 833 iam
604 789 766 830 fructum
800 789 984 828 ferentem
1017 789 1133 841 legit,
1168 798 1205 828 et
1239 788 1301 828 sub
1334 788 1494 828 nomine
1527 786 1688 827 Leucoii

373 855 532 897 saxatilis
564 853 660 894 foliis
701 852 748 892 ad
781 853 949 892 radicem
992 851 1194 892 Turritidis
1227 852 1265 891 in
1300 845 1434 890 orbem
1467 850 1616 905 sparsis,
1649 864 1690 889 a·

374 918 508 972 speriS‚
540 917 678 969 siliquis
711 916 831 968 planis
851 945 863 964 ‚
896 915 980 955 latis
998 947 1008 966 ,
1039 916 1219 967 vtrinque
1251 913 1474 954 acuminatis
1493 946 1503 965 ,
1542 913 1694 954 semini-⁴

375 981 443 1023 bus
475 980 594 1035 planis
615 1009 625 1027 ‚
659 979 905 1030 marginatis,
942 979 1072 1029 nigris,
1105 977 1273 1030 sequenti
1290 976 1413 1016 modo
1445 976 1650 1029 descripsit.

524 1042 655 1083 Planta
687 1040 820 1081 crescit
853 1053 874 1079 e
915 1041 1011 1080 saxis
1043 1042 1168 1080 versus
1204 1041 1393 1080 orientem
1435 1039 1479 1079 ad
1530 1039 1688 1079 dodran-

377 1105 491 1146 talem
523 1104 778 1145 altitudinem.
844 1101 954 1141 Folia
989 1114 1010 1141 e
1042 1113 1186 1141 corona
1217 1102 1347 1140 radicis
1387 1103 1612 1154 prodeuntia
1653 1102 1692 1142 in

375 1168 513 1207 orbem
560 1167 782 1220 sparguntur
809 1197 820 1215 ,
864 1163 1149 1217 glauco-viridia
1190 1163 1271 1203 sunt
1288 1195 1300 1214 ,
1342 1164 1530 1216 punctulis
1570 1163 1696 1217 aspera

377 1230 583 1271 Turriditis
624 1228 736 1268 instar
754 1261 765 1280 ‚
799 1227 1047 1280 sesquiuncias
1079 1227 1192 1279 longa
1210 1260 1221 1279 ,
1256 1227 1419 1280 quinque
1451 1227 1565 1267 lineas
1604 1226 1693 1265 lata.

377 1293 416 1335 E
449 1293 583 1333 medio
617 1291 799 1332 foliorum
835 1291 953 1330 caulis
984 1290 1213 1331 dodrantalis
1243 1289 1357 1343 surgit
1376 1321 1386 1340 ,
1421 1290 1460 1330 in
1500 1290 1696 1330 summita-

378 1366 418 1397 te
460 1357 572 1397 valde
610 1355 789 1396 ramosus.
864 1351 1028 1407 Singulis
1068 1354 1222 1394 ramulis
1263 1351 1425 1406 appensa
1473 1354 1525 1393 est
1567 1353 1695 1406 siliqua

375 1423 418 1460 6.
457 1430 498 1469 7.
540 1427 563 1462 8
600 1419 715 1460 lineas
746 1419 858 1471 longa
877 1451 888 1470 ,
926 1429 948 1466 3
986 1427 1046 1458 aut
1083 1432 1113 1468 4
1146 1417 1230 1468 lata,
1264 1417 1441 1469 vtrinque
1459 1417 1695 1466 acuminata,

376 1483 441 1524 sub
471 1484 729 1524 maturitatem
764 1483 803 1522 in
838 1481 968 1522 medio
1001 1481 1145 1521 inflexa
1178 1481 1238 1521 seu
1270 1488 1448 1519 contorta
1469 1511 1480 1531 ‚
1514 1488 1552 1518 et
1570 1479 1695 1519 secun-

380 1546 473 1586 dum
507 1545 790 1598 longitudinem
822 1543 924 1584 fiilcis
958 1544 1069 1583 instar
1099 1543 1272 1582 deorsum
1306 1552 1457 1582 curuata
1476 1574 1486 1594 ,
1525 1540 1697 1591 biualuis,

380 1609 564 1649 lutescens
600 1607 747 1648 sordide
764 1639 775 1659 ,
807 1606 914 1659 septo
945 1606 1176 1646 intermedio
1209 1606 1504 1646 membranaceo
1522 1637 1532 1656 ,
1573 1603 1700 1643 candi-

382 1672 435 1712 do
453 1704 464 1724 ,
498 1670 734 1720 tenuiffimo,
769 1668 960 1722 diaphano
993 1668 1246 1709 discriminata
1266 1701 1277 1719 ‚
1312 1669 1374 1708 cui
1393 1669 1567 1720 vtrinqne
1588 1667 1698 1706 semi-

384 1748 433 1776 na
476 1735 581 1788 nigra
600 1767 611 1788 ,
654 1732 858 1774 orbiculata
879 1765 890 1784 ,
933 1732 1045 1786 plana
1085 1742 1124 1771 et
1157 1732 1366 1784 marginata
1399 1729 1668 1769 adhaerescunt
1685 1761 1698 1780 ,

384 1811 481 1853 quae
516 1799 670 1852 optime
701 1806 853 1837 matura
886 1795 1046 1837 collecta
1077 1795 1171 1835 sunt.
1235 1794 1273 1834 E
1303 1805 1390 1834 mea
1421 1802 1553 1832 mente
1587 1791 1639 1831 ob
1655 1791 1701 1835 si-

384 1862 511 1903 liculas
543 1872 666 1902 curtas
687 1892 698 1912 ‚
734 1861 824 1900 latas
842 1893 853 1912 ,
887 1869 1081 1900 contortas
1121 1868 1163 1897 et
1191 1857 1354 1898 inflexas
1371 1879 1386 1907 ‚v
1414 1855 1592 1908 singulare
1618 1867 1703 1894 me-

385 1935 487 1965 retur
519 1937 634 1979 genus
652 1957 663 1977 ,
698 1934 762 1963 aut
795 1923 960 1976 sequenti
1002 1923 1149 1962 ratione
1182 1933 1203 1960 a
1237 1920 1388 1973 reliquis
1429 1918 1607 1958 Leucoiis
1644 1918 1702 1957 di-

386 1990 617 2041 stinguenda.
696 1987 911 2028 Leucoium
959 1985 1160 2026 Turritidis
1207 1984 1328 2034 folio,
1368 1981 1504 2035 siliquis
1556 1982 1700 2031 curtis,

389 2052 470 2092 latis
491 2084 500 2102 ,
538 2053 726 2092 contortis
758 2061 798 2091 et
833 2050 998 2100 falcatis,
1033 2049 1171 2088 semine
1189 2047 1312 2098 nigro.
1381 2046 1497 2085 Forte
1516 2044 1702 2084 Lunariae

390 2114 626 2156 accensenda.
695 2114 805 2154 Haec
835 2112 1042 2156 Stellerusz
1077 2109 1195 2152 Nunc
1227 2110 1376 2164 plantae
1406 2110 1444 2151 in
1462 2109 1591 2150 nostro
1622 2107 1704 2146 solo

1593 2180 1709 2211 natue
