1820 2506
365 178 456 216 260
855 166 1217 215 DISSERTATIO

363 304 478 348 quarn
509 290 623 333 firma
652 289 700 331 sir
731 296 862 331 mutua
894 286 1072 329 cohaefio
1104 286 1327 342 particulae,
1359 300 1455 345 quae
1484 298 1612 333 renata
1628 291 1673 334 vi

363 358 458 398 aeris
497 357 536 396 in
560 368 662 409 poro
694 353 839 396 metalli
880 352 927 392 ab
966 352 1044 392 eius
1076 349 1277 405 *superficie
1310 354 1492 397 auellitur.
1559 353 1675 396 Cele-

363 420 544 460 berrimus
586 415 964 460 Musschenbroekius
1005 428 1076 469 per
1121 425 1388 469 experimenta
1435 419 1579 460 inuenit
1627 418 1675 460 ad

359 484 622 537 rumpendum
653 482 765 523 filum
797 491 982 533 cupreum
1003 511 1014 531 ‚
1046 479 1151 519 cuius
1217 480 1400 520 diameter
1431 481 1483 521 est
1519 493 1552 530 μδ
1586 482 1672 536 pol⁴

359 547 439 588 licis
471 548 576 601 pedis
607 545 786 588 Rhenani
819 545 858 584 in
890 556 942 581 12
963 543 1148 584 eiusmodi
1180 552 1302 597 partes
1326 543 1431 585 diuisi
1449 576 1460 596 ‚
1492 544 1553 585 seu
1571 558 1594 584 21
1620 552 1672 595 ἐξ,

360 610 482 651 lineae
537 611 643 664 pedis
692 609 786 662 regii
835 606 986 648 Parifini
1050 607 1187 660 requiri
1221 607 1372 660 pondus
1414 619 1523 658 299}
1555 607 1674 650 librae

359 673 722 715 Amstelodamensrs
755 705 766 724 ,
813 683 907 724 quae
940 670 1100 723 aequalis
1146 669 1197 710 est
1248 670 1441 711 Parisinae.
1486 671 1557 711 Per
1590 671 1674 712 Mi-

358 738 604 791 croscopium
623 769 634 789 ‚
684 736 787 790 quod
827 735 1058 775 diametrum
1108 734 1280 786 corporis
1334 745 1442 786 auget
1487 735 1533 774 ad
1584 738 1672 782 360

360 801 554 842 obseruaui
609 799 808 854 particulas
853 799 1028 838 minimas
1068 797 1175 851 cupri
1224 795 1333 836 soluti
1373 798 1412 836 in
1453 797 1580 850 spiritu
1614 800 1675 838 ni-

360 867 410 905 tri
451 864 590 904 habere
632 865 672 902 in
706 862 894 902 diametro
936 861 1133 914 apparenti
1158 867 1172 907 ›¹2‹
1197 859 1315 899 lineae
1362 860 1465 913 pedis
1505 860 1670 902 Parifini.

358 929 461 968 Vera
493 928 606 980 igitur
638 939 768 966 earum
801 925 985 964 diameter
1015 923 1177 976 aequalis
1210 922 1263 963 est
1282 930 1332 971 335
1360 923 1494 964 lineae.
1528 921 1674 965 Conci-

355 993 503 1046 piamus
540 1003 591 1030 ex
626 989 818 1042 particulis
856 987 957 1027 istius
999 986 1108 1026 modi
1140 987 1252 1026 iuxta·
1285 985 1320 1025 se
1354 987 1520 1028 inu-icem
1550 990 1674 1028 conti·

356 1068 431 1096 uua
470 1055 562 1094 serie
595 1052 779 1106 dispositis
819 1061 859 1090 et
891 1049 1182 1091 cohaerentibus
1213 1049 1383 1090 constare
1414 1050 1544 1104 filum,
1570 1052 1674 1093 cuius

357 1119 544 1158 diameter
575 1115 736 1168 aequalis
769 1114 821 1153 est
839 1114 1026 1153 diametro
1058 1111 1221 1164 ipsarum
1248 1113 1529 1164 particularum.
1562 1115 1674 1169 Quo-

356 1182 460 1221 niam
480 1180 591 1231 vires,
608 1178 652 1218 ad
671 1175 880 1231 rumpenda
899 1186 1062 1228 corpora
1080 1173 1323 1227 homogenea
1340 1174 1576 1228 necessariae,
1594 1177 1679 1218 sunt

357 1244 398 1284 in
440 1244 589 1283 ratione
631 1241 821 1294 duplicata
855 1240 1128 1279 diametrorum
1162 1239 1329 1291 ipsorum
1364 1251 1595 1293 corporum·⁷
1629 1241 1677 1281 ad

356 1306 614 1361 rumpendum
630 1305 743 1358 igitur
768 1302 1021 1344 tenuiffimum
1038 1301 1129 1342 illud
1148 1300 1257 1341 filum
1275 1301 1447 1355 requifita
1465 1304 1523 1343 vis
1540 1304 1612 1343 erit
1629 1304 1676 1344 ad

358 1372 508 1426 pondus
530 1383 553 1408 2
560 1376 644 1420 99³4-
660 1368 725 1408 lib.
749 1378 795 1407 vt
812 1367 997 1407 diameter
1014 1365 1180 1405 eiusdem
1198 1364 1254 1405 fili
1276 1365 1449 1418 quadrata
1465 1368 1510 1406 ad
1521 1367 1677 1421 quadra-

355 1445 436 1476 tam
455 1435 685 1474 diametrum
705 1432 759 1472 fili
779 1431 953 1485 pondere
973 1442 995 1467 2
1002 1438 1085 1480 99}
1103 1429 1281 1470 librarum
1312 1431 1428 1482 rupti,
1446 1429 1523 1470 hoc
1548 1429 1603 1470 est
1619 1444 1680 1476 Z

358 1496 514 1554 (3¹55)²:
561 1496 615 1552 (Ῑ
641 1503 691 1544 5¹5⁹&
707 1492 943 1551 )²::(7-23)²:
966 1491 1074 1548 (ἓέἓγ
1103 1506 1159 1532 Ξ
1191 1505 1240 1530 1²
1278 1494 1504 1546 6955563
1547 1494 1676 1533 conffi‘

359 1571 518 1616 quenter
551 1559 712 1613 aequalis
751 1564 868 1608 Ξξὲἕξῆ
910 1556 1026 1596 librae
1067 1554 1128 1595 seu
1164 1565 1186 1601 3
1209 1557 1328 1605 {2233}
1375 1558 1491 1608 grani.
1567 1557 1676 1611 Quae

359 1626 416 1665 vis
448 1622 613 1678 aequalis
642 1622 694 1662 est
712 1620 929 1661 cohaefioni
946 1618 1148 1672 particulae
1165 1619 1285 1672 cupri,
1302 1619 1519 1659 auellendae
1537 1619 1678 1660 elatere

357 1689 449 1730 aeris
468 1721 478 1741 ,
510 1695 644 1728 renato
683 1686 724 1725 in
756 1696 858 1737 poro
890 1682 1046 1723 metalli.

511 1751 545 1799 ξ.
602 1759 672 1798 37.
715 1748 795 1805 Qui
844 1758 973 1787 aerem
1024 1757 1076 1790 ex
1113 1744 1271 1787 metallo
1313 1744 1537 1785 cumulatim
1584 1758 1677 1799 pro-

357 1824 603 1869 rumpentem
644 1813 799 1853 durante
838 1810 1026 1851 solutione
1057 1809 1266 1850 confiderat
1285 1841 1295 1861 ‚
1326 1806 1431 1848 facile
1461 1810 1678 1862 concedet,

358 1893 448 1921 eum
487 1889 666 1931 magnam
708 1885 858 1929 partem
898 1873 1004 1926 spatii
1043 1873 1081 1912 in
1115 1872 1237 1913 vesica
1269 1870 1372 1912 collo
1407 1872 1497 1911 vitri
1527 1872 1680 1925 alligata

360 1940 560 1997 occupaffe
608 1938 673 1994 (5.
697 1937 799 1995 25).
865 1936 962 1978 Non
1010 1935 1183 1988 equidem
1227 1947 1404 1988 negamus
1444 1933 1678 1987 surgentibus

359 2019 411 2047 ex
446 2018 569 2058 cupro
603 2003 711 2044 bullis
750 2012 788 2043 et
821 2014 889 2055 per
928 1999 1098 2053 spiritum
1141 1999 1186 2038 ad
1215 1997 1450 2052 superficiem
1485 2000 1562 2038 eius
1594 2008 1672 2039 ten-

359 2069 532 2109 dentibus
564 2069 653 2107 aeris
685 2065 884 2120 particulas
915 2075 983 2118 per
1016 2061 1247 2103 menstruum
1281 2060 1533 2103 diffeminatas
1553 2074 1675 2102 accre-

1560 2125 1681 2178 scere,
