1820 2506
366 179 457 212 220
512 132 518 138 ⁴
794 164 1233 242 MEDITATIONES

364 290 525 334 Etenim
576 288 748 345 quamuis
785 289 942 332 flamma
979 287 1180 342 particulas
1220 284 1341 330 stanni
1369 287 1410 330 in
1434 287 1679 334 celerrimum

364 365 520 397 motum
551 355 725 395 sollicitet
742 387 753 407 ,
794 367 887 408 aqua
921 362 1050 392 tamen
1081 351 1407 405 superincumbens
1425 387 1436 407 ,
1468 367 1558 396 cum
1593 369 1680 397 eam

365 419 599 459 celeritatem
648 427 778 459 motus
836 415 1020 456 calorifici
1060 416 1254 469 acquirere
1295 428 1376 456 non
1416 418 1529 470 poffit
1553 452 1564 472 ,
1606 431 1680 473 qua

365 483 540 524 stanneae
580 481 789 537 particulae
829 480 1003 532 indigent
1035 479 1082 519 ad
1113 478 1216 519 suam
1247 478 1516 521 cohaesionem
1547 481 1679 522 infrin-

364 547 566 600 gendam,
593 582 597 585 .
625 544 788 584 retardat
823 555 916 596 ergo
950 555 1080 584 earum
1113 552 1271 585 motum
1308 545 1576 598 gyratorium,
1608 558 1682 587 nec

362 610 466 652 fimdi
484 608 684 651 metallum
716 608 921 662 permittit.

512 675 548 723 ξ.
572 675 642 716 26.
678 670 887 714 Reddenda
919 670 984 712 hic
1015 670 1167 711 videtur
1204 668 1282 712 effe
1332 671 1449 713 etiam
1477 672 1575 713 ratio
1610 684 1682 714 ex·

364 739 543 781 tensionis
559 749 780 791 corporum
790 768 802 790 ,
834 748 930 790 quae
963 735 1191 789 plerumpue
1243 748 1335 777 cum
1385 736 1514 777 calore
1546 747 1683 778 eorum

364 804 494 856 augeri
508 811 548 843 et
580 802 706 842 minui
731 801 873 841 solent.
942 798 1093 839 Verum
1127 800 1311 853 quoniam
1342 812 1388 840 ea
1405 812 1485 841 non
1504 813 1525 842 a
1553 799 1683 842 calore

363 867 608 918 immediate,
649 864 712 905 sed
753 863 801 905 ab
839 865 928 904 ae're
959 862 1114 903 elastico
1148 863 1255 916 poris
1293 875 1505 917 corporum
1538 863 1683 905 incluso

363 929 634 984 proficiscitur,
668 929 722 969 ad·
743 927 855 969 aliam
881 938 975 981 ergo
1001 925 1245 966 occasionem
1275 926 1387 967 huius
1418 926 1683 980 phaenomeni

363 993 653 1048 expositionem
679 989 922 1032 reseruamus.
990 987 1171 1030 Ceterum
1207 990 1312 1031 nulla
1345 999 1477 1031 motus
1511 991 1684 1032 celeritas

362 1065 444 1098 tam
491 1057 633 1110 pernix
674 1054 844 1107 assignari
878 1054 1006 1108 potest
1023 1086 1036 1105 ,
1070 1066 1144 1107 qua
1175 1052 1247 1094 alia
1279 1055 1404 1099 maior
1435 1064 1567 1095 mente
1599 1067 1682 1096 non

362 1121 615 1172 concipiatur.
652 1118 770 1173 Quod
803 1129 894 1157 cum
927 1118 1045 1158 etiam
1084 1116 1130 1156 ad
1161 1116 1399 1158 calorificum
1432 1127 1588 1159 motum
1604 1120 1684 1159 iure

362 1183 491 1225 referri
524 1180 673 1236 poffit3
709 1179 846 1220 caloris
877 1190 969 1231 ergo
1002 1178 1168 1218 summus
1183 1186 1224 1217 et
1239 1178 1401 1219 vltimus
1417 1182 1551 1232 gradus
1568 1181 1696 1234 poffi-.

363 1246 450 1287 bilis
465 1245 637 1299 respectu
654 1252 784 1285 motus
817 1254 895 1283 non
915 1241 980 1284 est.
1052 1238 1203 1281 Contra
1251 1253 1350 1282 vero
1399 1242 1504 1285 idem
1553 1254 1686 1286 motus

361 1309 525 1364 eousque
576 1308 738 1349 diminui
804 1306 931 1361 potest
962 1339 974 1359 ,
1018 1314 1065 1346 vt
1097 1301 1281 1345 'tandem
1337 1318 1477 1360 corpus
1535 1308 1687 1361 prorsus

362 1374 525 1429 quiescat
544 1406 554 1426 ,
589 1368 661 1413 nec
696 1370 774 1412 vlla
809 1379 940 1411 motus
970 1368 1176 1425 diminutio
1210 1368 1368 1415 vlterius
1399 1370 1565 1425 subsequi
1597 1371 1683 1426 pos-

362 1438 422 1480 fit.
478 1436 687 1479 Summum
737 1436 852 1488 igitur
881 1434 1040 1488 gradum
1073 1441 1113 1472 et
1147 1431 1333 1473 vltimum
1363 1432 1513 1488 frigoris
1546 1435 1586 1475 in
1619 1436 1688 1476 ab·

363 1501 482 1542 soluta
511 1503 639 1555 quiete
680 1513 703 1540 a
732 1507 844 1539 motu
877 1497 1075 1551 gyratorio
1108 1496 1378 1550 particularum
1411 1497 1610 1540 confistere
1643 1507 1684 1541 et

362 1566 444 1606 dari
476 1563 587 1619 poffe
620 1560 768 1605 necesse
800 1561 865 1601 est.

514 1629 549 1678 §.
589 1637 658 1676 27.
694 1626 881 1683 Quamuis
912 1633 1039 1666 autem
1072 1623 1239 1666 summus
1270 1624 1421 1679 frigoris
1461 1627 1595 1680 gradus
1636 1628 1683 1671 fit

363 1692 565 1747 poffibilis,
599 1704 736 1732 verum
767 1689 998 1730 documenta
1031 1701 1111 1729 non
1153 1688 1302 1741 desunt,
1329 1689 1463 1743 quibus
1481 1689 1652 1733 asseritur
1670 1724 1683 1745 ,

362 1757 471 1798 illum
506 1758 546 1797 in
579 1756 659 1796 hoc
683 1754 776 1796 orbe
810 1763 1008 1810 terraqueo
1049 1752 1149 1793 haud
1182 1753 1328 1806 vspiarn
1360 1754 1453 1793 dari.
1520 1754 1682 1798 Etenim

363 1832 496 1873 omne,
529 1819 635 1874 quod
673 1818 783 1859 nobis
813 1817 992 1870 frigidum
1032 1826 1204 1870 apparet,
1246 1816 1298 1856 est
1332 1815 1576 1858 solummodo
1609 1820 1685 1861 mi-

362 1897 433 1925 nus
465 1884 641 1935 calidum,
675 1894 789 1937 quam
807 1893 947 1934 organa
976 1880 1121 1932 nostra,
1141 1881 1274 1934 quibus
1298 1879 1488 1921 sentimus.
1533 1881 1593 1923 Ita
1616 1882 1684 1924 fri-

362 1948 546 2001 gidissima
596 1960 688 2001 aqua
728 1946 781 1986 est
821 1944 943 1985 adhuc
983 1944 1104 1985 calida
1121 1977 1132 1997 ,
1176 1956 1264 1985 cum
1298 1943 1453 1996 glacies,
1496 1946 1535 1985 in
1568 1958 1682 1999 quam

361 2025 457 2064 aqua
487 2012 656 2052 acutiore
687 2010 774 2064 gelu
808 2008 1096 2062 constringitur,
1130 2007 1174 2047 fit
1207 2008 1271 2047 illa
1301 2006 1471 2060 frigidior
1489 2042 1500 2061 ,
1535 2008 1610 2050 hoc
1627 2009 1683 2051 est

361 2076 487 2117 minus
518 2075 649 2116 calida.
684 2073 862 2117 Profieeco
885 2073 914 2116 fi
938 2085 1023 2114 cera
1040 2103 1052 2125 ,
1086 2082 1182 2126 quae
1215 2070 1415 2127 liquescit,
1448 2072 1494 2116 fit
1512 2085 1602 2115 vere
1618 2086 1681 2115 ca-
