1820 2506
385 175 469 220 DE
501 171 757 220 CALORIS
788 170 871 218 ΕΤ
900 173 1162 221 choms
1371 186 1459 230 227

132 293 334 340 materiam
373 294 641 337 vindicandam
679 307 735 337 ex
771 303 980 350 augmento
1018 294 1198 350 ponderis
1245 294 1455 338 calcinato-

129 373 217 403 rum
249 371 459 413 corporum
493 358 711 401 afferuntur.

270 424 306 472 §.
344 433 414 471 32-
458 424 571 466 Radii
604 424 686 464 solis
734 423 892 479 speculo
932 425 1059 466 vitreo
1100 422 1265 465 caustico
1297 423 1460 477 excepti

131 496 173 530 et
205 488 359 529 collecti
391 501 471 530 non
505 489 633 529 minus
664 489 793 529 valide
826 497 942 530 vrunt
960 521 971 541 ,
1005 500 1120 544 quam
1153 489 1284 529 viuide
1317 489 1459 540 lucent,

131 566 207 607 qua
236 565 280 593 re
312 553 360 593 ad
392 552 550 593 oculum
574 562 613 593 et
631 553 786 606 quidem
821 552 900 594 sole
929 553 1020 594 teste
1053 552 1305 593 demonstrari
1338 551 1460 593 credi-

130 626 192 657 tur
211 650 223 669 ‚
257 616 488 657 calorificam
523 618 724 657 materiam
757 616 818 657 seu
848 618 981 670 ignem
1014 616 1293 658 elementarem
1326 628 1349 656 a
1381 614 1462 656 sole

129 680 347 735 profectum
386 681 427 720 in
466 679 556 720 foco
597 680 817 721 condensari
836 712 848 733 ,
889 693 1015 736 eoque
1047 680 1292 734 splendorem
1327 689 1366 720 et
1399 691 1463 719 ca-

129 745 255 786 lorem
295 744 454 784 intendi.
520 743 648 784 Facile
686 753 816 785 autem
846 755 1004 799 apparet
1044 745 1209 799 supponi
1248 744 1312 786 hic
1347 742 1462 784 lumi-

130 810 190 850 nis
223 809 424 850 materiam
458 821 480 848 a
513 807 591 848 sole
622 818 802 862 tanquam
845 821 867 849 a
900 807 1006 849 fonte
1041 808 1214 850 fluminis
1246 808 1360 849 instar
1390 805 1463 847 dif-

127 871 245 914 fundi.
313 872 423 929 Quae
456 871 683 926 hypothesis
722 873 758 913 ei
790 872 982 913 simillima
1016 872 1070 912 est
1088 904 1099 923 ,
1142 885 1186 912 ac
1220 872 1248 913 fi
1278 883 1407 912 aerem
1440 882 1462 910 a

129 949 298 991 corpore
336 937 478 977 sonoro
515 936 653 976 eadem
672 969 684 988 ‚
725 948 800 989 qua
840 935 951 976 sonus
983 944 1237 990 propagatur,
1272 935 1464 975 celeritate

129 1013 277 1056 quaqua
317 1001 467 1042 versum
510 999 672 1040 diffundi
717 999 932 1040 doceretur.
1002 998 1092 1044 Nec
1142 999 1269 1039 minus
1307 999 1466 1039 euidens

129 1065 186 1106 est
217 1066 360 1107 ibidem
393 1063 590 1106 aetherem
623 1074 664 1104 et
694 1064 843 1105 radium
877 1063 1090 1115 confundi,
1122 1064 1188 1117 qui
1219 1072 1367 1103 tantum
1401 1062 1462 1101 in-

128 1137 186 1170 ter
217 1129 252 1170 st:
286 1129 487 1179 differunt,
519 1138 703 1181 quantum
735 1137 866 1168 motus
895 1137 936 1168 et
967 1126 1125 1168 materia
1155 1127 1256 1166 inter
1270 1126 1305 1167 se
1321 1123 1465 1167 diuersa

127 1191 213 1233 sunt
231 1225 242 1244 ‚
284 1203 394 1247 atque
435 1192 534 1231 adeo
575 1202 627 1231 ex
659 1190 750 1231 foco
784 1190 926 1244 speculi
958 1188 1299 1231 condens-ationem
1339 1198 1464 1230 mate.

129 1257 206 1297 riae
248 1257 381 1310 igneae
423 1255 615 1296 remoueri
655 1263 696 1295 et
737 1254 1062 1308 conspirationem
1102 1263 1231 1294 motus
1278 1251 1464 1294 calorifici

128 1320 293 1360 substitui
327 1318 437 1374 poffe
477 1319 609 1373 liquet.
646 1318 851 1360 Materiam
886 1318 1049 1359 aetheris
1080 1319 1120 1358 in
1152 1316 1245 1358 foco
1277 1317 1370 1357 vitri
1396 1315 1464 1357 vel

127 1384 270 1438 speculi
303 1384 455 1425 caustici
488 1383 706 1423 condensari
741 1383 806 1437 qui
838 1381 1024 1435 affirmat,
1042 1383 1093 1435 is,
1126 1394 1192 1423 me
1209 1381 1347 1433 iudice,
1380 1393 1464 1421 non

131 1449 240 1490 aliter
279 1448 391 1489 sentit
408 1482 419 1501 ,
461 1460 503 1488 ac
545 1447 572 1488 fi
607 1448 858 1488 contenderet
896 1448 937 1487 in
979 1445 1072 1488 foco
1105 1445 1261 1486 fornicis
1300 1444 1463 1499 elliptici

132 1524 214 1553 non
251 1514 377 1554 radios
416 1513 574 1553 sonoros
613 1511 828 1565 conspirare
855 1544 867 1563 ,
917 1510 980 1552 sed
1025 1511 1226 1551 materiam
1277 1509 1370 1549 aeris
1404 1509 1464 1563 ip·

130 1576 207 1617 sam
259 1577 496 1631 comprinni.
564 1572 748 1616 Ceterum
790 1574 923 1615 focum
963 1573 1125 1615 solarem
1177 1586 1258 1613 non
1302 1582 1463 1627 propter

131 1642 318 1682 maiorem
352 1641 577 1682 densitatem
609 1640 789 1681 materiae
821 1638 1020 1681 aethereae
1040 1671 1051 1691 ,
1083 1637 1144 1679 sed
1179 1647 1342 1692 propter
1374 1649 1464 1677 mo-

132 1714 213 1746 tum
248 1708 327 1746 eius
359 1704 600 1746 calorificum
633 1702 911 1744 urentiffimum
947 1700 1024 1743 esse
1057 1700 1163 1742 focus
1196 1701 1463 1741 alunarifide-

133 1781 173 1809 re
191 1769 428 1809 reflexorum
454 1769 540 1808 solis
562 1769 756 1815 radiorum
782 1765 981 1808 manifesto
1007 1767 1160 1806 indicat.
1193 1764 1231 1805 Is
1249 1766 1352 1805 enim
1371 1777 1462 1804 cum

134 1832 176 1873 s1t
196 1832 454 1884 lucidiffimus,
474 1831 751 1872 vrentiffimum
770 1843 923 1886 quoque
942 1828 1019 1871 effe
1037 1838 1256 1883 oporteret,
1277 1828 1303 1869 fi
1322 1828 1384 1868 ille
1405 1829 1464 1882 ip-

134 1895 171 1936 se
190 1907 229 1937 et
247 1896 352 1937 calor
368 1910 389 1937 a
408 1895 588 1936 densitate
612 1897 792 1936 materiae
820 1895 1134 1949 proficisceretur.
1176 1891 1251 1933 Sed
1270 1892 1369 1933 abest
1403 1905 1461 1933 ca-

139 1960 220 2013 lor3
258 1970 321 2001 aut
356 1972 449 2013 ergo
486 1961 668 2000 materiae
703 1958 901 1999 aethereae
933 1957 1197 2008 condensatiO,
1225 1966 1289 1997 aut
1313 1954 1464 2013 conspi-

141 2027 236 2065 ratio
290 2035 419 2065 motus
452 2025 530 2064 eius
567 2024 734 2064 lucidum
769 2022 897 2063 focum
932 2022 1088 2063 efficiat.
1153 2020 1341 2062 Materiae
1372 2032 1468 2061 con-

141 2089 402 2131 densationem
444 2088 649 2130 excludere
683 2087 737 2128 est
773 2099 943 2140 pugnare
992 2094 1125 2128 contra
1176 2084 1423 2141 hypothesim
1453 2099 1466 2139 ·‚

768 2151 799 2192 F
818 2151 840 2192 f
851 2164 876 2192 2
1371 2161 1465 2189 cons-
