<?xml version="1.0" encoding="UTF-8"?>
<!DOCTYPE html PUBLIC "-//W3C//DTD XHTML 1.0 Transitional//EN"
    "http://www.w3.org/TR/xhtml1/DTD/xhtml1-transitional.dtd">
<html xmlns="http://www.w3.org/1999/xhtml" xml:lang="en" lang="en">
 <head>
  <title>
</title>
<meta http-equiv="Content-Type" content="text/html;charset=utf-8" />
  <meta name='ocr-system' content='tesseract 3.04.00' />
  <meta name='ocr-capabilities' content='ocr_page ocr_carea ocr_par ocr_line ocrx_word'/>
</head>
<body>
  <div class='ocr_page' id='page_1' title='image "./novicommentariac01impe_0381.png"; bbox 0 0 1820 2506; ppageno 0'>
   <div class='ocr_carea' id='block_1_1' title="bbox 148 190 1457 249">
    <p class='ocr_par' dir='ltr' id='par_1_1' title="bbox 148 190 1457 249">
     <span class='ocr_line' id='line_1_1' title="bbox 148 190 1457 249; baseline -0.007 0"><span class='ocrx_word' id='word_1_1' title='bbox 148 201 303 249; x_wconf 80' lang='lat' dir='ltr'><em>AERE</em></span> <span class='ocrx_word' id='word_1_2' title='bbox 345 193 597 242; x_wconf 86' lang='lat' dir='ltr'><strong><em>SCILICET</em></strong></span> <span class='ocrx_word' id='word_1_3' title='bbox 636 196 702 242; x_wconf 83' lang='grc' dir='ltr'>ΙΝ</span> <span class='ocrx_word' id='word_1_4' title='bbox 740 200 855 247; x_wconf 79' lang='lat'>1837</span> <span class='ocrx_word' id='word_1_5' title='bbox 899 190 1217 241; x_wconf 83' lang='lat' dir='ltr'><em>VOLVMINIS-</em></span> <span class='ocrx_word' id='word_1_6' title='bbox 1246 195 1330 245; x_wconf 63' lang='lat' dir='ltr'>&amp;a</span> <span class='ocrx_word' id='word_1_7' title='bbox 1368 203 1457 248; x_wconf 68' lang='lat'>283</span> 
     </span>
    </p>
   </div>
   <div class='ocr_carea' id='block_1_2' title="bbox 146 314 1470 1651">
    <p class='ocr_par' dir='ltr' id='par_1_2' title="bbox 149 314 1464 554">
     <span class='ocr_line' id='line_1_2' title="bbox 149 314 1463 376; baseline -0.004 -14"><span class='ocrx_word' id='word_1_8' title='bbox 149 333 225 376; x_wconf 87' lang='lat' dir='ltr'>que</span> <span class='ocrx_word' id='word_1_9' title='bbox 258 320 304 361; x_wconf 87' lang='lat' dir='ltr'>ad</span> <span class='ocrx_word' id='word_1_10' title='bbox 335 321 522 361; x_wconf 83' lang='lat' dir='ltr'>verticem</span> <span class='ocrx_word' id='word_1_11' title='bbox 556 319 685 374; x_wconf 88' lang='lat' dir='ltr'>spiritu</span> <span class='ocrx_word' id='word_1_12' title='bbox 724 314 997 359; x_wconf 84' lang='lat' dir='ltr'>terebinthinae</span> <span class='ocrx_word' id='word_1_13' title='bbox 1029 314 1220 357; x_wconf 82' lang='lat' dir='ltr'>coloratus</span> <span class='ocrx_word' id='word_1_14' title='bbox 1258 315 1312 356; x_wconf 87' lang='lat' dir='ltr'>est</span> <span class='ocrx_word' id='word_1_15' title='bbox 1328 348 1339 368; x_wconf 89' lang='lat'>,</span> <span class='ocrx_word' id='word_1_16' title='bbox 1380 327 1463 357; x_wconf 89' lang='lat' dir='ltr'>non</span> 
     </span>
     <span class='ocr_line' id='line_1_3' title="bbox 150 379 1464 436; baseline -0.003 -11"><span class='ocrx_word' id='word_1_17' title='bbox 150 384 332 426; x_wconf 89' lang='lat' dir='ltr'>dubitabo</span> <span class='ocrx_word' id='word_1_18' title='bbox 371 384 529 425; x_wconf 87' lang='lat' dir='ltr'>afferere</span> <span class='ocrx_word' id='word_1_19' title='bbox 546 417 557 436; x_wconf 87' lang='lat'>,</span> <span class='ocrx_word' id='word_1_20' title='bbox 599 386 727 424; x_wconf 84' lang='lat' dir='ltr'>a‘e‘rem</span> <span class='ocrx_word' id='word_1_21' title='bbox 766 382 818 422; x_wconf 94' lang='lat' dir='ltr'>ob</span> <span class='ocrx_word' id='word_1_22' title='bbox 859 380 1158 421; x_wconf 85' lang='lat' dir='ltr'>diminutionem</span> <span class='ocrx_word' id='word_1_23' title='bbox 1190 379 1464 434; x_wconf 88' lang='lat' dir='ltr'>particularum</span> 
     </span>
     <span class='ocr_line' id='line_1_4' title="bbox 149 443 1464 501; baseline -0.004 -12"><span class='ocrx_word' id='word_1_24' title='bbox 149 448 428 501; x_wconf 75' lang='lat' dir='ltr'>compressione</span> <span class='ocrx_word' id='word_1_25' title='bbox 458 447 598 489; x_wconf 66' lang='lat' dir='ltr'>factam</span> <span class='ocrx_word' id='word_1_26' title='bbox 630 449 666 488; x_wconf 92' lang='lat' dir='ltr'>se</span> <span class='ocrx_word' id='word_1_27' title='bbox 696 458 765 501; x_wconf 88' lang='lat' dir='ltr'>per</span> <span class='ocrx_word' id='word_1_28' title='bbox 797 456 917 501; x_wconf 84' lang='lat' dir='ltr'>poros</span> <span class='ocrx_word' id='word_1_29' title='bbox 949 444 1042 485; x_wconf 84' lang='lat' dir='ltr'>vitri</span> <span class='ocrx_word' id='word_1_30' title='bbox 1074 443 1139 484; x_wconf 74' lang='lat' dir='ltr'>vel</span> <span class='ocrx_word' id='word_1_31' title='bbox 1171 445 1351 485; x_wconf 86' lang='lat' dir='ltr'>mercurii</span> <span class='ocrx_word' id='word_1_32' title='bbox 1382 443 1464 485; x_wconf 87' lang='lat' dir='ltr'>sub-</span> 
     </span>
     <span class='ocr_line' id='line_1_5' title="bbox 150 510 310 554; baseline -0.006 -1"><span class='ocrx_word' id='word_1_33' title='bbox 150 510 310 554; x_wconf 82' lang='lat' dir='ltr'>duxiss‘e.</span> 
     </span>
    </p>

    <p class='ocr_par' dir='ltr' id='par_1_3' title="bbox 146 573 1470 1651">
     <span class='ocr_line' id='line_1_6' title="bbox 297 573 1464 629; baseline -0.002 -13"><span class='ocrx_word' id='word_1_34' title='bbox 297 577 333 626; x_wconf 83' lang='lat'>§.</span> <span class='ocrx_word' id='word_1_35' title='bbox 374 588 443 616; x_wconf 86' lang='lat'>12.</span> <span class='ocrx_word' id='word_1_36' title='bbox 476 575 593 619; x_wconf 92' lang='lat' dir='ltr'>Nihil</span> <span class='ocrx_word' id='word_1_37' title='bbox 627 575 737 616; x_wconf 86' lang='lat' dir='ltr'>restat</span> <span class='ocrx_word' id='word_1_38' title='bbox 755 607 766 627; x_wconf 86' lang='lat'>‚</span> <span class='ocrx_word' id='word_1_39' title='bbox 801 587 916 629; x_wconf 84' lang='lat' dir='ltr'>quam</span> <span class='ocrx_word' id='word_1_40' title='bbox 947 582 994 615; x_wconf 75' lang='lat' dir='ltr'>vt</span> <span class='ocrx_word' id='word_1_41' title='bbox 1027 573 1196 615; x_wconf 89' lang='lat' dir='ltr'>indicem</span> <span class='ocrx_word' id='word_1_42' title='bbox 1215 606 1226 625; x_wconf 90' lang='lat'>,</span> <span class='ocrx_word' id='word_1_43' title='bbox 1260 573 1464 628; x_wconf 90' lang='lat' dir='ltr'>quomodo</span> 
     </span>
     <span class='ocr_line' id='line_1_7' title="bbox 151 637 1465 696; baseline -0.005 -12"><span class='ocrx_word' id='word_1_44' title='bbox 151 642 464 696; x_wconf 83' lang='lat' dir='ltr'>experimentum</span> <span class='ocrx_word' id='word_1_45' title='bbox 497 639 623 680; x_wconf 90' lang='lat' dir='ltr'>Halefi</span> <span class='ocrx_word' id='word_1_46' title='bbox 654 640 907 693; x_wconf 88' lang='lat' dir='ltr'>repetendum</span> <span class='ocrx_word' id='word_1_47' title='bbox 939 637 985 679; x_wconf 79' lang='lat' dir='ltr'>sit</span> <span class='ocrx_word' id='word_1_48' title='bbox 1020 639 1086 691; x_wconf 85' lang='lat' dir='ltr'>ita,</span> <span class='ocrx_word' id='word_1_49' title='bbox 1119 647 1165 679; x_wconf 81' lang='lat' dir='ltr'>vt</span> <span class='ocrx_word' id='word_1_50' title='bbox 1184 637 1295 678; x_wconf 89' lang='lat' dir='ltr'>tubus</span> <span class='ocrx_word' id='word_1_51' title='bbox 1320 638 1465 678; x_wconf 81' lang='lat' dir='ltr'>vitreus</span> 
     </span>
     <span class='ocr_line' id='line_1_8' title="bbox 149 701 1463 758; baseline -0.002 -14"><span class='ocrx_word' id='word_1_52' title='bbox 149 717 242 748; x_wconf 89' lang='lat' dir='ltr'>cum</span> <span class='ocrx_word' id='word_1_53' title='bbox 275 703 402 758; x_wconf 86' lang='lat' dir='ltr'>phiala</span> <span class='ocrx_word' id='word_1_54' title='bbox 434 715 515 742; x_wconf 93' lang='lat' dir='ltr'>non</span> <span class='ocrx_word' id='word_1_55' title='bbox 549 702 766 756; x_wconf 82' lang='lat' dir='ltr'>frangatur,</span> <span class='ocrx_word' id='word_1_56' title='bbox 803 701 1080 756; x_wconf 85' lang='lat' dir='ltr'>consequenter</span> <span class='ocrx_word' id='word_1_57' title='bbox 1112 702 1160 742; x_wconf 90' lang='lat' dir='ltr'>de</span> <span class='ocrx_word' id='word_1_58' title='bbox 1202 702 1296 742; x_wconf 88' lang='lat' dir='ltr'>statu</span> <span class='ocrx_word' id='word_1_59' title='bbox 1336 702 1434 742; x_wconf 85' lang='lat' dir='ltr'>a&#39;e&#39;ris</span> <span class='ocrx_word' id='word_1_60' title='bbox 1452 734 1463 752; x_wconf 91' lang='lat'>,</span> 
     </span>
     <span class='ocr_line' id='line_1_9' title="bbox 150 765 1466 821; baseline -0.004 -11"><span class='ocrx_word' id='word_1_61' title='bbox 150 771 193 811; x_wconf 92' lang='lat' dir='ltr'>in</span> <span class='ocrx_word' id='word_1_62' title='bbox 236 769 331 809; x_wconf 90' lang='lat' dir='ltr'>tubo</span> <span class='ocrx_word' id='word_1_63' title='bbox 370 767 410 806; x_wconf 89' lang='lat' dir='ltr'>in</span> <span class='ocrx_word' id='word_1_64' title='bbox 449 766 546 807; x_wconf 89' lang='lat' dir='ltr'>statu</span> <span class='ocrx_word' id='word_1_65' title='bbox 586 765 879 821; x_wconf 82' lang='lat' dir='ltr'>compressionis</span> <span class='ocrx_word' id='word_1_66' title='bbox 918 765 1093 807; x_wconf 89' lang='lat' dir='ltr'>contenti</span> <span class='ocrx_word' id='word_1_67' title='bbox 1111 798 1122 817; x_wconf 89' lang='lat'>‚</span> <span class='ocrx_word' id='word_1_68' title='bbox 1163 767 1346 806; x_wconf 88' lang='lat' dir='ltr'>iudicium</span> <span class='ocrx_word' id='word_1_69' title='bbox 1380 765 1466 805; x_wconf 84' lang='lat' dir='ltr'>ferri</span> 
     </span>
     <span class='ocr_line' id='line_1_10' title="bbox 150 829 1469 887; baseline -0.004 -14"><span class='ocrx_word' id='word_1_70' title='bbox 150 831 274 887; x_wconf 86' lang='lat' dir='ltr'>poffit.</span> <span class='ocrx_word' id='word_1_71' title='bbox 318 830 375 870; x_wconf 92' lang='lat' dir='ltr'>Vt</span> <span class='ocrx_word' id='word_1_72' title='bbox 407 830 484 871; x_wconf 91' lang='lat' dir='ltr'>hoc</span> <span class='ocrx_word' id='word_1_73' title='bbox 518 829 734 871; x_wconf 82' lang='lat' dir='ltr'>obtineatur</span> <span class='ocrx_word' id='word_1_74' title='bbox 751 863 762 883; x_wconf 88' lang='lat'>,</span> <span class='ocrx_word' id='word_1_75' title='bbox 798 831 958 883; x_wconf 84' lang='lat' dir='ltr'>expedit</span> <span class='ocrx_word' id='word_1_76' title='bbox 991 841 1137 870; x_wconf 90' lang='lat' dir='ltr'>conum</span> <span class='ocrx_word' id='word_1_77' title='bbox 1171 829 1354 882; x_wconf 85' lang='lat' dir='ltr'>ligneum,</span> <span class='ocrx_word' id='word_1_78' title='bbox 1389 840 1469 882; x_wconf 92' lang='lat' dir='ltr'>quo</span> 
     </span>
     <span class='ocr_line' id='line_1_11' title="bbox 149 891 1468 947; baseline -0.003 -11"><span class='ocrx_word' id='word_1_79' title='bbox 149 895 347 936; x_wconf 88' lang='lat' dir='ltr'>obturatur</span> <span class='ocrx_word' id='word_1_80' title='bbox 377 893 550 935; x_wconf 84' lang='lat' dir='ltr'>foramen</span> <span class='ocrx_word' id='word_1_81' title='bbox 583 892 763 947; x_wconf 85' lang='lat' dir='ltr'>sphaerae</span> <span class='ocrx_word' id='word_1_82' title='bbox 779 893 932 945; x_wconf 82' lang='lat' dir='ltr'>ferreae,</span> <span class='ocrx_word' id='word_1_83' title='bbox 967 905 1058 933; x_wconf 91' lang='lat' dir='ltr'>cum</span> <span class='ocrx_word' id='word_1_84' title='bbox 1083 894 1201 932; x_wconf 88' lang='lat' dir='ltr'>cauda</span> <span class='ocrx_word' id='word_1_85' title='bbox 1228 891 1468 945; x_wconf 87' lang='lat' dir='ltr'>parallelepi-</span> 
     </span>
     <span class='ocr_line' id='line_1_12' title="bbox 147 954 1469 1014; baseline -0.005 -14"><span class='ocrx_word' id='word_1_86' title='bbox 147 959 278 1014; x_wconf 81' lang='lat' dir='ltr'>pedali</span> <span class='ocrx_word' id='word_1_87' title='bbox 311 958 491 1000; x_wconf 86' lang='lat' dir='ltr'>instruere</span> <span class='ocrx_word' id='word_1_88' title='bbox 511 990 523 1009; x_wconf 87' lang='lat'>‚</span> <span class='ocrx_word' id='word_1_89' title='bbox 557 969 653 1010; x_wconf 86' lang='lat' dir='ltr'>quae</span> <span class='ocrx_word' id='word_1_90' title='bbox 685 966 812 997; x_wconf 86' lang='lat' dir='ltr'>tantae</span> <span class='ocrx_word' id='word_1_91' title='bbox 843 955 1094 1009; x_wconf 88' lang='lat' dir='ltr'>longitudinis</span> <span class='ocrx_word' id='word_1_92' title='bbox 1134 954 1179 995; x_wconf 92' lang='lat' dir='ltr'>fit</span> <span class='ocrx_word' id='word_1_93' title='bbox 1199 988 1209 1006; x_wconf 92' lang='lat'>‚</span> <span class='ocrx_word' id='word_1_94' title='bbox 1248 964 1295 994; x_wconf 80' lang='lat' dir='ltr'>vt</span> <span class='ocrx_word' id='word_1_95' title='bbox 1334 964 1469 995; x_wconf 79' lang='lat' dir='ltr'>extre-</span> 
     </span>
     <span class='ocr_line' id='line_1_13' title="bbox 149 1018 1469 1075; baseline -0.003 -11"><span class='ocrx_word' id='word_1_96' title='bbox 149 1024 261 1064; x_wconf 85' lang='lat' dir='ltr'>mitas</span> <span class='ocrx_word' id='word_1_97' title='bbox 278 1056 289 1075; x_wconf 87' lang='lat'>,</span> <span class='ocrx_word' id='word_1_98' title='bbox 322 1023 351 1064; x_wconf 89' lang='lat' dir='ltr'>fi</span> <span class='ocrx_word' id='word_1_99' title='bbox 384 1021 589 1063; x_wconf 88' lang='lat' dir='ltr'>immititur</span> <span class='ocrx_word' id='word_1_100' title='bbox 622 1019 799 1074; x_wconf 85' lang='lat' dir='ltr'>sphaerae</span> <span class='ocrx_word' id='word_1_101' title='bbox 817 1053 828 1071; x_wconf 91' lang='lat'>,</span> <span class='ocrx_word' id='word_1_102' title='bbox 859 1018 1148 1074; x_wconf 84' lang='lat' dir='ltr'>sesquidigitum</span> <span class='ocrx_word' id='word_1_103' title='bbox 1181 1018 1293 1060; x_wconf 81' lang='lat' dir='ltr'>distet</span> <span class='ocrx_word' id='word_1_104' title='bbox 1335 1031 1356 1059; x_wconf 87' lang='lat' dir='ltr'>a</span> <span class='ocrx_word' id='word_1_105' title='bbox 1399 1031 1469 1073; x_wconf 90' lang='lat' dir='ltr'>pa-</span> 
     </span>
     <span class='ocr_line' id='line_1_14' title="bbox 146 1082 1469 1140; baseline -0.004 -12"><span class='ocrx_word' id='word_1_106' title='bbox 146 1087 303 1128; x_wconf 81' lang='lat' dir='ltr'>rietibus</span> <span class='ocrx_word' id='word_1_107' title='bbox 334 1085 523 1140; x_wconf 85' lang='lat' dir='ltr'>sphaerae.</span> <span class='ocrx_word' id='word_1_108' title='bbox 590 1084 692 1124; x_wconf 89' lang='lat' dir='ltr'>Huic</span> <span class='ocrx_word' id='word_1_109' title='bbox 723 1083 1049 1138; x_wconf 84' lang='lat' dir='ltr'>perallelepipedo</span> <span class='ocrx_word' id='word_1_110' title='bbox 1081 1082 1209 1136; x_wconf 85' lang='lat' dir='ltr'>phiala</span> <span class='ocrx_word' id='word_1_111' title='bbox 1242 1095 1332 1123; x_wconf 91' lang='lat' dir='ltr'>cum</span> <span class='ocrx_word' id='word_1_112' title='bbox 1372 1083 1469 1124; x_wconf 91' lang='lat' dir='ltr'>tubo</span> 
     </span>
     <span class='ocr_line' id='line_1_15' title="bbox 148 1144 1469 1203; baseline -0.003 -12"><span class='ocrx_word' id='word_1_113' title='bbox 148 1150 204 1191; x_wconf 84' lang='lat' dir='ltr'>ita</span> <span class='ocrx_word' id='word_1_114' title='bbox 244 1149 466 1203; x_wconf 83' lang='lat' dir='ltr'>adplicanda</span> <span class='ocrx_word' id='word_1_115' title='bbox 506 1155 545 1187; x_wconf 89' lang='lat' dir='ltr'>et</span> <span class='ocrx_word' id='word_1_116' title='bbox 584 1147 772 1187; x_wconf 86' lang='lat' dir='ltr'>firmanda</span> <span class='ocrx_word' id='word_1_117' title='bbox 812 1146 865 1186; x_wconf 89' lang='lat' dir='ltr'>est</span> <span class='ocrx_word' id='word_1_118' title='bbox 881 1179 895 1201; x_wconf 75' lang='lat'><strong>,</strong></span> <span class='ocrx_word' id='word_1_119' title='bbox 936 1155 982 1186; x_wconf 85' lang='lat' dir='ltr'>vt</span> <span class='ocrx_word' id='word_1_120' title='bbox 1016 1145 1044 1186; x_wconf 83' lang='lat' dir='ltr'>si</span> <span class='ocrx_word' id='word_1_121' title='bbox 1076 1145 1278 1198; x_wconf 84' lang='lat' dir='ltr'>longitudo</span> <span class='ocrx_word' id='word_1_122' title='bbox 1312 1144 1394 1187; x_wconf 89' lang='lat' dir='ltr'>t&#39;ubi</span> <span class='ocrx_word' id='word_1_123' title='bbox 1427 1148 1469 1188; x_wconf 87' lang='lat' dir='ltr'>in</span> 
     </span>
     <span class='ocr_line' id='line_1_16' title="bbox 149 1207 1470 1266; baseline -0.002 -13"><span class='ocrx_word' id='word_1_124' title='bbox 149 1213 239 1253; x_wconf 84' lang='lat' dir='ltr'>duas</span> <span class='ocrx_word' id='word_1_125' title='bbox 289 1222 415 1266; x_wconf 88' lang='lat' dir='ltr'>partes</span> <span class='ocrx_word' id='word_1_126' title='bbox 463 1208 652 1251; x_wconf 89' lang='lat' dir='ltr'>diuidatur</span> <span class='ocrx_word' id='word_1_127' title='bbox 670 1243 682 1263; x_wconf 83' lang='lat'>,</span> <span class='ocrx_word' id='word_1_128' title='bbox 733 1210 921 1265; x_wconf 66' lang='lat' dir='ltr'>punctum</span> <span class='ocrx_word' id='word_1_129' title='bbox 974 1207 1163 1249; x_wconf 80' lang='lat' dir='ltr'>diuisionis</span> <span class='ocrx_word' id='word_1_130' title='bbox 1203 1221 1293 1251; x_wconf 91' lang='lat' dir='ltr'>cum</span> <span class='ocrx_word' id='word_1_131' title='bbox 1333 1219 1470 1251; x_wconf 90' lang='lat' dir='ltr'>centro</span> 
     </span>
     <span class='ocr_line' id='line_1_17' title="bbox 147 1269 1470 1331; baseline -0.003 -13"><span class='ocrx_word' id='word_1_132' title='bbox 147 1277 326 1331; x_wconf 86' lang='lat' dir='ltr'>sphaerae</span> <span class='ocrx_word' id='word_1_133' title='bbox 359 1275 550 1316; x_wconf 88' lang='lat' dir='ltr'>coincidat</span> <span class='ocrx_word' id='word_1_134' title='bbox 583 1286 687 1315; x_wconf 90' lang='lat' dir='ltr'>cono</span> <span class='ocrx_word' id='word_1_135' title='bbox 719 1272 900 1315; x_wconf 88' lang='lat' dir='ltr'>foramini</span> <span class='ocrx_word' id='word_1_136' title='bbox 939 1269 1110 1314; x_wconf 82' lang='lat' dir='ltr'>immiffo</span> <span class='ocrx_word' id='word_1_137' title='bbox 1151 1281 1189 1313; x_wconf 90' lang='lat' dir='ltr'>et</span> <span class='ocrx_word' id='word_1_138' title='bbox 1232 1272 1366 1327; x_wconf 87' lang='lat' dir='ltr'>praelo</span> <span class='ocrx_word' id='word_1_139' title='bbox 1392 1273 1470 1314; x_wconf 67' lang='lat' dir='ltr'>for«</span> 
     </span>
     <span class='ocr_line' id='line_1_18' title="bbox 149 1334 1469 1392; baseline -0.002 -11"><span class='ocrx_word' id='word_1_140' title='bbox 149 1339 289 1381; x_wconf 87' lang='lat' dir='ltr'>tiffime</span> <span class='ocrx_word' id='word_1_141' title='bbox 320 1339 469 1381; x_wconf 66' lang='lat' dir='ltr'>adacto.</span> <span class='ocrx_word' id='word_1_142' title='bbox 540 1334 583 1378; x_wconf 90' lang='lat' dir='ltr'>Si</span> <span class='ocrx_word' id='word_1_143' title='bbox 615 1351 716 1379; x_wconf 91' lang='lat' dir='ltr'>nunc</span> <span class='ocrx_word' id='word_1_144' title='bbox 750 1348 852 1379; x_wconf 87' lang='lat' dir='ltr'>totus</span> <span class='ocrx_word' id='word_1_145' title='bbox 882 1345 1080 1392; x_wconf 86' lang='lat' dir='ltr'>apparatus</span> <span class='ocrx_word' id='word_1_146' title='bbox 1111 1336 1290 1391; x_wconf 86' lang='lat' dir='ltr'>sphaerae</span> <span class='ocrx_word' id='word_1_147' title='bbox 1324 1338 1469 1379; x_wconf 90' lang='lat' dir='ltr'>immit-</span> 
     </span>
     <span class='ocr_line' id='line_1_19' title="bbox 150 1400 1470 1456; baseline -0.002 -12"><span class='ocrx_word' id='word_1_148' title='bbox 150 1404 244 1445; x_wconf 87' lang='lat' dir='ltr'>titur</span> <span class='ocrx_word' id='word_1_149' title='bbox 278 1413 316 1444; x_wconf 90' lang='lat' dir='ltr'>et</span> <span class='ocrx_word' id='word_1_150' title='bbox 345 1415 464 1444; x_wconf 87' lang='lat' dir='ltr'>conus</span> <span class='ocrx_word' id='word_1_151' title='bbox 495 1414 586 1442; x_wconf 89' lang='lat' dir='ltr'>cum</span> <span class='ocrx_word' id='word_1_152' title='bbox 620 1402 754 1456; x_wconf 88' lang='lat' dir='ltr'>praelo</span> <span class='ocrx_word' id='word_1_153' title='bbox 793 1402 843 1444; x_wconf 79' lang='lat' dir='ltr'>sic</span> <span class='ocrx_word' id='word_1_154' title='bbox 883 1401 1058 1443; x_wconf 86' lang='lat' dir='ltr'>firmatur</span> <span class='ocrx_word' id='word_1_155' title='bbox 1099 1410 1145 1441; x_wconf 81' lang='lat' dir='ltr'>vt</span> <span class='ocrx_word' id='word_1_156' title='bbox 1180 1410 1290 1455; x_wconf 88' lang='lat' dir='ltr'>rupta</span> <span class='ocrx_word' id='word_1_157' title='bbox 1315 1400 1470 1455; x_wconf 85' lang='lat' dir='ltr'>sphaera</span> 
     </span>
     <span class='ocr_line' id='line_1_20' title="bbox 150 1465 1467 1520; baseline -0.002 -12"><span class='ocrx_word' id='word_1_158' title='bbox 150 1467 361 1509; x_wconf 87' lang='lat' dir='ltr'>immobilis</span> <span class='ocrx_word' id='word_1_159' title='bbox 391 1476 429 1507; x_wconf 91' lang='lat' dir='ltr'>et</span> <span class='ocrx_word' id='word_1_160' title='bbox 458 1465 588 1520; x_wconf 88' lang='lat' dir='ltr'>praelo</span> <span class='ocrx_word' id='word_1_161' title='bbox 607 1478 805 1508; x_wconf 78' lang='lat' dir='ltr'>connexus</span> <span class='ocrx_word' id='word_1_162' title='bbox 837 1475 1002 1518; x_wconf 88' lang='lat' dir='ltr'>maneat,</span> <span class='ocrx_word' id='word_1_163' title='bbox 1036 1473 1139 1508; x_wconf 83' lang='lat' dir='ltr'>totus</span> <span class='ocrx_word' id='word_1_164' title='bbox 1171 1474 1370 1519; x_wconf 88' lang='lat' dir='ltr'>apparatus</span> <span class='ocrx_word' id='word_1_165' title='bbox 1395 1465 1467 1505; x_wconf 87' lang='lat' dir='ltr'>im-</span> 
     </span>
     <span class='ocr_line' id='line_1_21' title="bbox 150 1527 1467 1586; baseline 0 -15"><span class='ocrx_word' id='word_1_166' title='bbox 150 1531 305 1571; x_wconf 82' lang='lat' dir='ltr'>mobilis</span> <span class='ocrx_word' id='word_1_167' title='bbox 338 1531 511 1572; x_wconf 86' lang='lat' dir='ltr'>manebit</span> <span class='ocrx_word' id='word_1_168' title='bbox 544 1538 585 1570; x_wconf 89' lang='lat' dir='ltr'>et</span> <span class='ocrx_word' id='word_1_169' title='bbox 617 1529 776 1572; x_wconf 88' lang='lat' dir='ltr'>illibatus</span> <span class='ocrx_word' id='word_1_170' title='bbox 794 1563 806 1584; x_wconf 87' lang='lat'>,</span> <span class='ocrx_word' id='word_1_171' title='bbox 840 1539 886 1571; x_wconf 85' lang='lat' dir='ltr'>vt</span> <span class='ocrx_word' id='word_1_172' title='bbox 915 1530 1006 1586; x_wconf 91' lang='lat' dir='ltr'>quid</span> <span class='ocrx_word' id='word_1_173' title='bbox 1040 1529 1082 1570; x_wconf 88' lang='lat' dir='ltr'>in</span> <span class='ocrx_word' id='word_1_174' title='bbox 1114 1528 1210 1571; x_wconf 82' lang='lat' dir='ltr'>tubo</span> <span class='ocrx_word' id='word_1_175' title='bbox 1234 1527 1376 1571; x_wconf 62' lang='lat' dir='ltr'>fastum</span> <span class='ocrx_word' id='word_1_176' title='bbox 1408 1528 1467 1581; x_wconf 84' lang='lat' dir='ltr'>fit,</span> 
     </span>
     <span class='ocr_line' id='line_1_22' title="bbox 150 1593 486 1651; baseline -0.003 -15"><span class='ocrx_word' id='word_1_177' title='bbox 150 1594 327 1649; x_wconf 84' lang='lat' dir='ltr'>cognosci</span> <span class='ocrx_word' id='word_1_178' title='bbox 359 1593 486 1651; x_wconf 86' lang='lat' dir='ltr'>poffit.</span> 
     </span>
    </p>
   </div>
   <div class='ocr_carea' id='block_1_3' title="bbox 718 2176 1468 2224">
    <p class='ocr_par' dir='ltr' id='par_1_4' title="bbox 718 2176 1468 2224">
     <span class='ocr_line' id='line_1_23' title="bbox 718 2176 1468 2224; baseline -0.007 0"><span class='ocrx_word' id='word_1_179' title='bbox 718 2181 761 2224; x_wconf 86' lang='lat' dir='ltr'>N</span> <span class='ocrx_word' id='word_1_180' title='bbox 781 2194 806 2222; x_wconf 87' lang='lat' dir='ltr'>n</span> <span class='ocrx_word' id='word_1_181' title='bbox 827 2194 849 2221; x_wconf 80' lang='lat'><strong>2</strong></span> <span class='ocrx_word' id='word_1_182' title='bbox 1332 2176 1468 2220; x_wconf 74' lang='lat' dir='ltr'>TEN-</span> 
     </span>
    </p>
   </div>
  </div>
 </body>
</html>
