1820 2506
429 200 520 242 382
860 190 1310 236 DESCRIPTIONES

548 310 761 351 Filamenta
777 308 841 349 sex
873 309 1036 350 subulata
1053 341 1065 361 ,
1097 308 1311 349 lutescentia
1329 340 1341 360 ,
1374 323 1536 364 quorum
1567 311 1643 353 duo
1657 312 1735 352 mi-

431 387 525 414 nora
562 375 662 413 intra
691 385 857 413 concaua
890 373 1015 413 calicis
1053 371 1181 412 foliola
1220 371 1441 412 delitescunt
1479 384 1518 414 et
1557 376 1736 428 vtrinque

429 438 476 477 ad
516 437 618 476 basin
662 435 882 489 neelarifera
924 436 1036 476 viridi
1076 435 1248 488 glandula
1288 436 1527 490 cinguntur3
1575 447 1737 491 quatuor

431 501 574 541 maiora
608 500 733 540 erecsta
751 532 761 550 ‚
797 499 936 552 singula
965 499 1188 551 singularum
1222 500 1454 552 quarundam
1502 501 1736 554 squamarum

431 563 546 609 <forte
581 562 855 619 nerstariorum)
890 563 1040 604 summo
1073 562 1184 602 dorso
1225 563 1419 614 insistunt,
1461 576 1556 617 quae
1592 575 1735 604 conca·

428 639 501 667 vae
537 627 619 666 sunt
653 638 692 667 et
723 639 880 680 germen
916 626 1157 667 circumstant
1178 635 1289 679 :itque
1305 627 1519 667 inuoluunt.
1585 625 1736 668 Anthe-

429 703 492 730 rae
525 691 725 743 cordatae,
761 690 918 730 sulcatae
938 723 949 742 ‚
983 691 1131 730 erectae
1149 722 1160 742 ,
1194 689 1327 730 flauae.

544 752 716 796 Germen
761 754 970 806 oblongum
997 787 1007 805 ,
1049 764 1173 805 teres,
1214 753 1310 793 intra
1341 753 1528 807 squamas,
1560 752 1735 806 longiora

385 826 390 838 Χ
427 816 587 858 stamina
621 818 865 869 sustinentes,
900 818 1172 857 absconditum.
1215 816 1347 868 Stylus
1376 817 1614 871 longitudine
1653 828 1737 870 ger·

426 882 540 923 minis
559 914 569 932 ‚
603 882 809 935 persistens.
875 879 1025 933 Stigma
1056 880 1274 932 capitatum.

543 943 701 983 Silicula
734 943 902 995 elliptica
935 944 1072 995 plana,
1108 943 1288 995 vti-inque
1322 943 1560 995 acuminata,
1601 943 1674 983 vix
1708 952 1735 990 3

427 1004 495 1045 lin.
529 1005 672 1058 longa,
708 1016 746 1045 et
782 1017 822 1052 12
856 1006 942 1057 lata,
975 1006 1084 1058 saepe
1102 1006 1256 1045 incurua
1275 1038 1285 1058 ‚
1320 1019 1400 1046 non
1434 1019 1519 1046 raro
1546 1006 1660 1047 etiam
1678 1017 1735 1046 re-

428 1069 488 1109 sta
506 1101 517 1120 ‚
563 1070 673 1122 septo
715 1069 833 1109 valuis
871 1069 1055 1121 parallelo
1092 1069 1384 1109 membranaceo
1403 1102 1413 1122 ‚
1457 1079 1737 1123 transparente‚

426 1131 516 1170 albo
556 1131 683 1171 diuisa.

543 1192 698 1234 Semina
732 1191 964 1234 exafflffime
994 1192 1047 1234 ita
1078 1191 1113 1234 st:
1144 1191 1312 1245 habent,
1346 1202 1390 1234 vt
1406 1194 1444 1234 in
1463 1192 1627 1234 Lunaria
1651 1192 1736 1236 Cel.

426 1254 618 1298 Linnaeus
649 1270 734 1310 gen.
770 1256 825 1311 pl.
859 1255 1056 1297 describit:
1091 1255 1174 1296 sunt
1207 1257 1338 1309 enim,
1371 1268 1416 1297 vt
1449 1257 1618 1298 eiusdem
1650 1269 1736 1299 vet-

428 1319 483 1362 bis
516 1322 574 1361 vti
608 1320 745 1373 liceat,
779 1319 1023 1371 reniformia‚
1058 1318 1302 1374 compressa,
1337 1320 1574 1373 marginata,
1609 1321 1738 1362 inme-

426 1385 494 1424 dio
534 1384 695 1426 filiculae
739 1384 858 1438 posita
884 1416 894 1434 ,
935 1384 1183 1438 receptaculis
1222 1382 1463 1426 filiformibus
1489 1416 1499 1434 ,
1553 1383 1615 1423 sed
1655 1383 1740 1424 bre-

428 1448 539 1488 vibus
575 1481 586 1500 ,
637 1449 766 1489 suturis
818 1446 1029 1488 lateralibus
1077 1446 1219 1489 insertis
1252 1479 1263 1499 ,
1333 1447 1565 1501 pendentia,
1616 1447 1739 1487 vtrin-

425 1523 501 1563 que
531 1513 614 1552 tria.

542 1573 689 1615 Floruit
721 1572 784 1613 sub
816 1571 933 1614 finem
966 1570 1125 1625 Aprilis.
1191 1569 1346 1613 Semina
1377 1572 1577 1613 maturauit
1608 1569 1736 1612 Iunio„

426 1634 614 1676 Lunariae
653 1637 839 1676 coniunxi
858 1668 868 1687 ‚
910 1635 996 1689 quia
1044 1635 1221 1690 pleraque
1271 1635 1476 1676 effentialia
1522 1647 1610 1675 cum
1659 1634 1737 1676 hoc

426 1712 564 1753 genere
598 1699 819 1738 communia
853 1699 998 1750 habet3
1034 1699 1084 1739 ita
1119 1708 1245 1739 tamen
1280 1708 1324 1737 vt
1356 1700 1470 1738 etiam
1504 1711 1638 1739 eorum
1656 1698 1736 1738 sen-

425 1764 566 1804 tentiae
598 1762 740 1804 faueam
759 1795 769 1815 ,
802 1763 866 1815 qui
900 1766 996 1803 torte
1027 1773 1111 1801 eam
1154 1774 1174 1803 a
1214 1761 1375 1802 Lunaria
1418 1760 1657 1813 separandam
1698 1769 1738 1801 et

424 1839 535 1868 nouo
575 1826 702 1880 aliquo
753 1827 910 1868 nomine
948 1824 1211 1878 appellandam
1253 1821 1329 1863 effe
1367 1822 1608 1864 censuerint:
1650 1836 1739 1864 cum

424 1890 625 1944 squamae,
659 1901 755 1945 quae
795 1901 949 1941 germen
985 1887 1226 1929 circumstant
1259 1896 1298 1928 et
1315 1886 1459 1928 maiora
1493 1885 1649 1927 stamina
1680 1885 1738 1926 su-

424 1955 593 2004 stinent,
628 1954 677 1994 ad
711 1950 904 1992 effentiam
939 1952 1084 2003 generis
1119 1949 1420 1992 constituendam
1456 1961 1535 1990 non
1577 1950 1738 1991 minoriS

425 2019 614 2057 momenti
658 2016 842 2057 aestimari
882 2013 990 2068 poffe
1025 2015 1248 2063 videantur,
1285 2025 1395 2065 quam
1430 2011 1559 2053 dentes
1591 2013 1630 2053 in
1663 2014 1735 2053 mi-

424 2080 578 2119 noribus
610 2079 734 2130 Alyffi
770 2079 1003 2126 staminibus,
1038 2077 1103 2128 qui
1138 2074 1338 2116 essentiam
1357 2075 1435 2116 elus
1452 2077 1616 2130 generis,
1651 2073 1735 2116 Cel.

425 2140 598 2187 Linnaeo
629 2143 811 2194 docente,
844 2140 1058 2182 costituunt.
1637 2138 1736 2182 leon
