1820 2506
397 197 421 236 3
429 191 489 241 48
731 187 813 229 DE
844 184 1036 231 VTERO
1073 185 1170 230 MV
1168 188 1223 231 LI
1224 190 1358 234 EBRI

511 304 627 345 XIV.
665 305 775 361 Quae
805 304 984 345 hactenus
1018 305 1065 345 de
1099 304 1196 343 vteri
1223 306 1368 345 ceruice
1386 305 1454 361 (X.
1477 308 1555 349 XI.
1576 308 1694 366 XII.)

392 370 656 408 annot-animus
674 401 685 420 ,
728 370 773 410 ad
812 369 950 409 multas
998 368 1174 408 veritates
1214 368 1318 406 viam
1361 371 1470 410 nobis
1511 373 1694 425 pandunt.

178 427 380 486 (neapNuh,
393 431 524 471 Primo
557 431 712 484 quidem
752 432 904 473 abunde
943 431 1190 471 confirmatur
1230 428 1408 471 assertum
1450 431 1591 475 Graafii
1632 435 1695 492 (1)

176 499 235 530 Pag-
252 500 302 529 95c

393 495 458 548 qui
513 494 690 534 stabiliuit
749 495 918 547 „collum
979 507 1059 534 non
1118 493 1258 546 insequi
1316 495 1574 537 dilatationem
1632 510 1696 540 vt-

394 558 475 610 „eri
526 558 667 611 grauidi
685 591 697 609 ,
748 558 808 598 sed
856 558 1054 610 pristinum
1106 557 1181 596 fere
1232 557 1366 598 statum
1421 569 1613 612 retinere„
1655 563 1695 603 id

393 621 498 674 quod
550 622 597 661 de
638 621 776 661 mediis
813 621 1027 674 gestatioms
1075 620 1259 660 menslbuS
1310 622 1545 662 intellectum
1595 625 1692 665 vult.

394 681 499 724 Cum
546 693 681 739 natura
725 685 784 725 rei
821 685 936 738 igitur
974 684 1088 738 plane
1127 696 1207 723 non
1253 686 1432 736 congruit
1475 686 1560 725 idea
1609 688 1692 728 illo-

393 760 481 789 rum
498 780 510 799 ,
559 748 628 802 qui
677 749 778 788 vteri
825 748 1063 802 praegnantis
1114 747 1303 786 ceruicem
1337 748 1403 788 sibi
1443 748 1594 802 fingunt
1625 763 1695 791 ceu

393 812 556 852 vnicum
603 810 804 864 osculum„
856 811 1000 850 annulo
1047 810 1150 863 quast
1178 811 1429 855 membraneo
1470 813 1663 853 occlusum
1683 847 1697 865 ,

392 876 458 927 qui
501 874 701 927 paullatim
749 874 907 915 mollior
946 873 1014 913 fiat
1047 883 1087 912 et
1118 872 1287 925 amplior
1305 905 1316 924 ,
1350 874 1475 913 donec·
1508 875 1560 920 ita
1591 876 1695 929 hiet,

391 945 438 977 vt
478 936 625 976 foetum
672 938 927 977 transmittere
966 936 1079 990 poffit
1095 968 1105 987 ,
1140 935 1290 988 qualem
1324 949 1360 976 e.
1394 949 1429 989 g¹
1497 936 1695 980 Deuenter

178 1013 286 1046 (ωῐη
309 996 456 1055 ηου,(2)
503 1000 640 1053 pingit.
715 1000 802 1040 Hoc
851 1000 954 1040 enim
1003 1012 1084 1039 non
1132 999 1200 1038 nisi
1251 999 1299 1038 de
1357 1000 1507 1040 vltimis
1565 1002 1697 1043 diebus

179 1053 376 1091 ³²⁸¹³¹⁰⁰bstAE¹4
391 1063 625 1116 grauiditatis
660 1096 671 1115 ,
729 1063 881 1116 quando
942 1071 1071 1114 partus
1123 1062 1407 1114 appropinquat
1464 1074 1506 1104 et
1562 1065 1694 1105 immi-

392 1135 463 1165 net
479 1158 492 1177 ,
523 1125 688 1178 intelligi
728 1125 873 1176 debet3
917 1132 1002 1163 tum
1042 1124 1148 1163 enim
1178 1123 1371 1163 orificium
1406 1127 1604 1177 paullatim
1636 1129 1694 1168 dl-

391 1188 576 1230 stenditur
612 1197 652 1228 et
691 1186 823 1229 annuli
868 1187 1048 1239 simplicis
1095 1186 1266 1226 formam
1319 1188 1542 1228 nanciscitur
1567 1221 1578 1241 ‚
1626 1203 1699 1242 pet

391 1264 507 1306 quem
540 1252 614 1291 vix
643 1264 768 1291 vnum
797 1250 1007 1291 alterumue
1039 1250 1202 1302 digitum
1233 1249 1406 1289 traiicere
1423 1250 1569 1292 liceret.
1609 1253 1696 1293 To·

391 1316 477 1356 talis
509 1306 640 1355 autem
657 1315 828 1355 dilatatio
862 1323 947 1354 tum
977 1314 1137 1354 demum
1146 1345 1161 1365 ,,
1188 1312 1249 1352 vti
1264 1313 1555 1356 obstestricaudo
1573 1328 1696 1370 expe-

390 1380 525 1430 rimur,
556 1378 688 1419 locum
720 1378 837 1418 habet
856 1411 867 1430 ,
901 1377 1054 1431 quando
1086 1377 1164 1416 iam
1196 1377 1405 1429 parturiens
1435 1378 1582 1431 aliquos
1622 1379 1695 1420 do-

392 1442 520 1483 lorum
554 1443 786 1496 prodromos
817 1440 1076 1495 persentiscere
1106 1440 1244 1493 incipit
1267 1472 1278 1491 ,
1313 1453 1430 1493 aquae
1462 1451 1666 1495 rumputur
1681 1476 1693 1495 ,

391 1514 432 1545 et
462 1515 578 1558 caput
605 1506 727 1545 foetus
759 1505 807 1545 ad
839 1504 995 1544 ceruicis
1027 1503 1218 1543 orificium
1251 1504 1424 1555 adigitur.
1492 1506 1578 1561 Qua
1609 1505 1694 1558 lege

389 1578 519 1609 autem
552 1569 686 1608 ceruix
718 1567 804 1622 post
836 1575 986 1620 partum
1020 1565 1264 1606 contrahatur
1283 1599 1294 1618 ,
1328 1568 1501 1607 nondum
1532 1569 1696 1610 memini

389 1631 439 1673 ab
470 1631 680 1671 Autoribus
711 1630 1003 1671 determinatum
1037 1627 1125 1669 effe.
1192 1629 1264 1668 Per
1293 1631 1573 1681 experientiam
1599 1644 1695 1671 con-

392 1695 463 1737 stat
481 1728 491 1747 ‚
526 1702 650 1748 partes
696 1693 919 1735 animalium
969 1692 1220 1733 vehementer
1257 1691 1397 1745 preffas
1437 1703 1476 1733 et
1524 1695 1695 1735 contusas

390 1758 638 1800 intumescere
669 1757 817 1811 solere3
868 1755 1042 1797 credibile
1074 1756 1127 1796 est
1146 1788 1156 1807 ,
1190 1756 1294 1796 idem
1327 1757 1496 1795 accidere
1521 1757 1696 1798 lateribus

392 1821 553 1863 ceruicis
582 1830 622 1861 et
646 1820 874 1862 columnulis
904 1820 957 1859 ibi
987 1831 1039 1858 ex
1071 1818 1192 1859 foetus
1224 1818 1378 1858 transitu
1395 1819 1557 1859 multum
1573 1829 1612 1859 et
1628 1821 1696 1861 diu

389 1885 505 1940 saepe>
531 1883 702 1925 distentis.
726 1894 765 1925 et
796 1882 936 1937 pressis.
1000 1880 1143 1923 Dicam
1174 1882 1262 1935 quid
1293 1880 1371 1935 ipse
1402 1892 1582 1935 expertus
1612 1882 1694 1924 fue-

388 1950 477 1990 rim,
553 1945 656 1989 Cum
688 1960 809 2001 nuper
848 1946 1088 1999 protractum
1129 1958 1151 1985 a
1191 1945 1274 1986 rudi
1306 1944 1504 1988 obstetrice
1536 1955 1692 1999 vterum

391 2021 433 2052 et
471 2013 652 2064 vaginam
692 2022 923 2065 reponerem
964 2010 1069 2049 tertia
1114 2008 1206 2061 post*
1240 2017 1390 2060 partum
1434 2008 1529 2048 lora
1558 2025 1566 2049 :
1609 2023 1692 2056 non

390 2073 519 2118 splumz
545 2073 737 2117 orificium
767 2074 923 2116 ceruicis
953 2073 1005 2115 ita
1035 2071 1162 2114 hiabat
1180 2104 1198 2124 2„
1223 2080 1268 2111 vt
1299 2071 1394 2113 duos
1425 2020 1570 2133 digitos.
1598 2072 1692 2113 faci-

1651 2134 1698 2183 le
