1820 2506
404 197 494 244 398
636 189 722 235 DE
753 187 933 235 MOTV
963 186 1255 237 NODORVM
1285 190 1490 239 LVNAE

523 309 557 357 ξ.
585 315 622 350 8.
661 308 837 363 Quantus
868 318 999 350 autem
1034 310 1209 363 cuiusque
1227 312 1286 352 vis
1302 309 1576 353 acceleratricis
1605 307 1651 350 sit
1667 307 1721 350 ef-

402 373 522 416 fectus
555 373 594 410 in
629 371 824 413 alter-ando
859 386 1071 427 corporum
1114 384 1227 415 motu
1270 387 1322 415 ex
1355 373 1490 427 primis
1519 373 1720 415 mechani-

405 448 472 478 cae
507 435 706 489 principiis
738 436 846 478 facile
880 438 1115 490 intelligitur.
1183 436 1225 479 Si
1258 440 1363 480 enim
1394 449 1535 491 corpus
1563 448 1720 478 mouea-

407 509 470 540 tur
502 499 696 541 celeritate
729 509 832 542 tanta
852 534 863 554 ‚
896 511 1078 554 quautam
1111 503 1268 555 acquirit
1302 513 1440 555 corpus
1473 500 1646 541 cadendo
1668 511 1722 540 ex

408 563 608 604 altitudine
648 576 705 604 τ.-
732 563 770 602 V
791 597 801 616 ,
843 574 954 617 atque
995 566 1139 607 interea
1158 598 1169 617 ,
1210 567 1304 606 dum
1336 565 1444 618 ipatii
1485 564 1721 604 elementum

408 640 468 668 Ξ
486 629 563 668 dx
584 627 771 679 percurrit
788 660 799 680 ‚
834 627 1054 670 sollicitetur
1088 630 1125 670 in
1151 630 1284 671 cadem
1318 628 1531 670 directione
1550 660 1560 680 ‚
1594 626 1724 667 securr-

409 691 506 732 dum
526 702 639 744 quam
674 701 853 733 mouetur
885 692 925 731 vi
945 693 1206 735 acceleratrice
1239 692 1338 733 :P
1370 692 1430 732 seu
1462 703 1558 745 quae
1589 691 1624 730 se
1655 689 1721 730 ha-

408 754 497 796 beat
529 754 576 795 ad
609 754 691 794 vim
726 755 919 807 grauitatis
956 766 1002 796 vt
1031 756 1061 797 P
1094 757 1140 797 ad
1172 766 1218 809 t,
1252 766 1337 798 tum
1371 756 1503 809 vtique
1538 754 1611 795 erit
1641 751 1722 794 dv

411 831 468 858 z
487 819 516 859 P
533 819 562 860 d
575 817 632 857 X.
701 817 850 860 Verum
886 819 912 859 si
930 829 1124 873 praeterea
1156 821 1343 873 temporis
1375 820 1473 858 ratio
1509 818 1554 859 sit
1581 816 1724 857 haben-

406 882 455 923 da
474 915 485 935 ,
527 892 639 933 atque
680 882 977 935 tempusculum‚
1013 895 1091 936 qno
1134 882 1337 937 spatiolum
1379 883 1464 923 dx
1495 881 1724 936 percurritur

405 951 693 998 ponaturzd
708 952 745 989 T
765 984 775 1004 ‚
809 954 881 992 crit
912 938 956 1005 ἓξ
989 955 1169 994 celeritati
1202 954 1374 1007 corporis
1407 952 1726 1007 proportionale,

408 1020 505 1060 quae
534 1022 603 1062 per
619 1014 788 1056 radicem
807 1016 1024 1071 quadratam
1045 1029 1098 1058 ex
1116 1017 1312 1056 altitudine
1329 1015 1367 1055 V
1382 1017 1551 1070 exprimi
1586 1014 1723 1068 potest.

408 1068 511 1112 Cum
546 1085 675 1116 autem
707 1080 830 1117 vnitas
849 1111 859 1129 ,
895 1081 940 1119 ad
974 1093 1088 1132 quam
1119 1090 1273 1132 tempus
1312 1078 1488 1121 referatur
1506 1113 1516 1132 ,
1551 1078 1596 1119 sit
1627 1079 1725 1118 arbi-

403 1142 547 1193 traria,
581 1156 623 1183 ea
658 1146 711 1184 ita
745 1145 879 1187 assumi
914 1149 1039 1201 potest
1058 1181 1069 1201 ‚
1108 1158 1153 1189 vt
1195 1148 1262 1190 fiat
1289 1135 1334 1203 ff
1366 1143 1479 1187 :V
1499 1146 1537 1185 V
1556 1178 1568 1198 ,
1603 1145 1727 1198 sicque

405 1209 645 1255 elementum
686 1218 877 1270 temporis
920 1218 1001 1259 dT
1035 1219 1274 1271 exprimatur
1317 1231 1387 1272 per
1419 1216 1646 1256 fracuonem
1679 1202 1729 1272 ᾗ

404 1290 447 1321 et
481 1283 603 1337 ipsum
639 1295 790 1341 tempus
830 1289 868 1328 T
908 1302 977 1343 per
1020 1289 1202 1342 integrale
1232 1276 1333 1348 [ξιξ-ξ.
1398 1286 1557 1330 Ostendi
1595 1295 1724 1326 autem

403 1352 445 1395 in
481 1367 575 1396 meo
608 1357 768 1398 tractatu
808 1359 855 1399 dc
895 1367 1033 1409 motu,
1073 1357 1100 1399 si
1133 1358 1173 1397 in
1216 1357 1454 1412 expressione
1473 1356 1504 1412 J
1517 1343 1567 1415 ἴτ’-ξ,
1598 1358 1726 1411 longi-

403 1418 551 1458 tudines
583 1420 836 1462 exhibeantur
869 1423 908 1461 iii
942 1422 1104 1476 pai-tibus
1145 1421 1352 1463 millesimis
1391 1423 1496 1475 pedis
1532 1421 1723 1475 rhenani,

403 1489 491 1521 tum
534 1482 641 1524 istam
682 1486 961 1538 expressionem
1008 1487 1046 1525 in
1096 1486 1264 1524 numeris
1311 1485 1531 1539 expositam
1550 1517 1561 1537 ,
1611 1496 1725 1539 atque

402 1555 473 1598 per
522 1557 605 1594 125
661 1548 818 1589 diuiiz'im
850 1582 860 1600 ,
904 1549 1160 1601 praebiturum
1202 1546 1278 1587 esse
1311 1558 1459 1601 tempus
1493 1550 1531 1588 in
1565 1549 1724 1588 minutis

403 1605 585 1648 secundis.
653 1610 799 1668 Quodsi
839 1623 932 1663 ergo
965 1611 1032 1650 iste
1064 1610 1203 1652 modus
1234 1620 1387 1664 tempus
1405 1612 1642 1664 exprimendi
1662 1623 1724 1651 re-

401 1678 566 1732 cipiatur
583 1712 593 1732 ,
627 1680 701 1720 erit
732 1682 762 1722 d
774 1682 811 1722 T
831 1696 884 1722 Ξ
902 1668 948 1739 ’,ἶ-ἶ
969 1713 980 1733 ,
1015 1694 1057 1720 ac
1078 1689 1281 1734 propterea
1318 1678 1357 1719 V
1377 1681 1413 1719 V
1434 1694 1489 1719 z
1510 1667 1554 1734 (ἕξ
1575 1714 1585 1732 ‚
1620 1682 1724 1722 vnde

404 1748 452 1791 fit
484 1749 522 1790 V
542 1737 678 1805 :231⁶ss
689 1784 699 1804 ,
735 1762 772 1792 et
806 1753 831 1795 si
865 1754 1100 1794 clementum
1134 1752 1317 1804 temporis
1348 1752 1428 1792 dT
1464 1752 1635 1792 constans
1668 1751 1724 1792 as-

404 1821 573 1861 sumatur
591 1854 602 1872 ,
656 1823 727 1863 erit
765 1823 794 1864 d
816 1823 853 1863 V
881 1836 936 1864 Ξ
954 1808 1107 1875 ῒάἷῖἷῗξχ;
1151 1833 1228 1873 quo
1262 1822 1391 1861 valore
1421 1822 1462 1860 in
1498 1824 1722 1876 aequatione

403 1894 436 1935 d
450 1892 487 1933 V
507 1893 636 1934 :Pd
643 1895 685 1934 X
705 1894 921 1948 substituto,
939 1894 1142 1935 habebitur
1176 1877 1307 1947 Ᾰξῖἕ
1326 1891 1416 1933 .-.·;Ρ
1433 1892 1462 1932 d
1477 1894 1540 1944 X,
1560 1894 1724 1949 ideoque

411 1969 436 1996 2
449 1958 478 1997 d
492 1958 520 1997 d
526 1959 635 1998 X:
655 1958 684 1998 P
701 1959 729 1999 d
746 1953 820 1998 T²2
857 1958 916 1999 seu
948 1956 1197 1998 differenti-,ilc
1228 1956 1433 1998 secuudum
1465 1955 1573 2009 spatii
1589 1971 1721 1998 emen-

405 2020 434 2059 si
468 2021 520 2059 bis
553 2021 716 2062 ssimtum
751 2022 966 2076 aequabitur
1008 2021 1196 2076 produdto
1236 2033 1287 2060 ex
1319 2019 1361 2058 vi
1394 2019 1659 2062 accelcmtrice
1691 2021 1721 2062 P

407 2082 449 2122 in
481 2084 703 2137 quadratum
745 2087 928 2129 elementi
964 2086 1150 2138 temporis
1179 2086 1321 2126 interea
1353 2083 1479 2139 elapsi.
1544 2084 1633 2126 Hoc
1665 2085 1721 2125 ita

1684 2147 1721 2188 ie
