1820 2506
335 194 427 243 480
485 183 871 233 CONTINVATIO
902 186 1193 232 OBSERVAT
1221 187 1491 234 LIPSIENS.

533 320 576 358 9.
610 307 677 358 X,
711 307 905 360 praesente
937 305 1067 360 Luna,
1098 308 1170 347 vix
1201 308 1403 361 conspicua
1435 306 1537 361 fuit;
1569 318 1655 349 cero

595 379 633 410 te
665 379 794 410 tamen
826 369 902 423 ipsa
935 373 984 428 Q
1007 372 1072 412 vel
1104 372 1143 414 R
1166 384 1246 412 non
1279 372 1404 412 maior
1420 372 1653 413 cernebatur,

492 446 570 485 29,
600 434 690 474 Post
717 435 985 487 tempestatem
1019 436 1132 477 valde
1167 437 1375 490 pluuiolam
1406 433 1591 476 variabilis
1607 436 1653 477 X.

590 498 757 552 amplius
785 499 908 539 videri
940 512 1022 540 non
1053 501 1189 553 potuit.

477 562 546 604 Ex
577 563 634 604 his
665 562 986 603 obseruationibus
1017 564 1141 604 elucet
1157 597 1168 617 ,
1201 563 1333 619 phasm
1363 562 1579 605 maximam
1590 573 1653 602 va-

341 626 481 669 riabilis
513 629 557 668 X
588 627 701 668 instar
735 626 860 667 stellae
896 631 966 676 5tae
1005 641 1135 681 magn.
1171 629 1321 669 circiter
1355 625 1524 668 incieiffe
1541 627 1581 666 in
1613 625 1651 666 d.

339 694 381 731 6.
419 691 637 733 Nouembr.
675 691 777 731 cuius
809 691 934 745 phasis
966 702 1117 747 tempus
1154 702 1199 733 vt
1243 693 1397 733 certiori
1430 691 1555 731 modo
1597 690 1658 729 in-

339 755 534 809 notescat,
569 755 819 796 consulendae
834 754 915 796 sunt
948 756 1078 809 phases
1110 756 1243 797 ssmiles
1281 766 1371 797 ante
1413 765 1453 796 et
1480 754 1659 809 postma‘

341 820 505 863 ximam.
574 820 696 861 Huius
729 820 873 872 generis
906 820 990 860 sunt
1021 820 1299 864 obseruationes
1331 821 1371 860 d.
1408 826 1446 861 8.
1492 817 1662 860 Octobr..

341 894 382 925 et
414 884 451 925 d.
485 888 528 923 6.
565 883 776 925 Decembr.
813 884 1034 924 variabilem
1069 884 1141 938 ipsi
1171 885 1222 940 Q
1254 883 1449 937 aequalem
1490 882 1658 922 indican-

342 955 432 999 tes;
468 947 571 987 vnde
602 956 757 1000 tempus
787 946 911 999 phafis
942 948 1135 987 maximae
1168 948 1410 987 concluditur*
1438 946 1463 986 d
1492 943 1658 994 7.Nou.

341 1021 470 1051 mane.
540 1010 691 1052 Eadem
725 1010 918 1050 conclufio
951 1010 1111 1061 prodit,
1141 1011 1168 1050 fi
1210 1011 1336 1051 diebus
1381 1022 1447 1048 21.
1491 1008 1656 1050 Odrobr.

342 1082 382 1114 et
415 1083 485 1119 23.
521 1074 704 1114 Nouebr,
738 1072 921 1110 variabilis
953 1070 1086 1122 ipfiM
1103 1073 1267 1124 aequalis
1280 1074 1475 1111 statuatur.
1533 1070 1656 1112 Com-

341 1135 484 1189 paratis-
519 1144 652 1175 autem
692 1134 798 1173 inter·
830 1135 865 1173 ste
912 1134 1235 1174 obseruationibus
1271 1135 1306 1174 d.
1347 1142 1384 1176 8.
1421 1134 1585 1174 Οᾶοὺῐ.
1621 1142 1658 1173 et

341 1212 385 1250 9³·
419 1197 637 1240 Decembr.
670 1209 770 1252 quae·
800 1197 1026 1238 variabilem
1055 1198 1124 1251 ipsi
1157 1199 1203 1255 Q
1233 1197 1310 1239 fere
1342 1198 1541 1252 aequalem
1562 1209 1659 1250 quo-

341 1275 419 1316 que
451 1261 622 1313 faciunt„
653 1262 860 1303 habebitur
887 1272 1041 1317 tempus·
1070 1261 1196 1315 phasis
1225 1263 1425 1304 maximae
1437 1263 1477 1302 d.
1495 1260 1657 1305 8.Nou.

342 1326 418 1370 Ex
446 1325 511 1367 his
540 1327 630 1368 stitis
656 1327 763 1367 certe
790 1335 943 1379 tempus
975 1326 1100 1380 phasis.
1130 1328 1324 1368 maximae
1370 1326 1521 1379 alligare
1570 1324 1661 1365 licet

343 1391 393 1432 ad‘
426 1390 452 1431 d
502 1399 544 1440 7.
582 1391 809 1432 Nouembr.
841 1403 923 1444 quw
954 1391 1119 1431 stabilito-⁴
1147 1400 1301 1444 tempus¹
1328 1387 1660 1431 reuolutionishu-

344 1455 400 1496 ius
434 1453 557 1495 stellae
590 1457 653 1495 seu*
691 1456 830 1495 reditus
863 1456 913 1495 ad
960 1455 1094 1508 phasin
1135 1456 1352 1495 maximam
1400 1466 1452 1494 ex
1494 1453 1661 1507 plurium

344 1530 538 1559 annorum
574 1519 775 1558 interuallo
808 1529 910 1558 certe
944 1518 1094 1559 definiri
1126 1520 1286 1572 poterit,
1348 1515 1503 1558 Scilicet
1545 1515 1657 1557 Godo.

332 1582 472 1639 fredus
504 1581 681 1623 Kirchl'us
698 1614 709 1633 ,
744 1583 894 1634 primus.
922 1581 1031 1622 huius
1065 1582 1187 1623 stellae
1220 1595 1281 1622 an.
1322 1585 1448 1622 1686.
1488 1580 1662 1622 obserua-

346 1654 439 1697 tor,
482 1645 684 1698 periodum
724 1645 824 1685 hanc
865 1645 1132 1685 determinauit
1173 1653 1281 1697 404}
1323 1646 1469 1685 dierum
1504 1645 1544 1683 in
1578 1641 1658 1684 Mi-

345 1709 445 1750 scell.
479 1707 687 1749 Berolines.
724 1709 819 1748 Vol.
856 1708 892 1749 Ι.
926 1721 966 1761 p.
1004 1721 1105 1746 211.
1140 1708 1222 1748 vsus
1254 1707 1574 1747 obseruationibus
1591 1705 1663 1750 suis

347 1772 395 1813 ab
434 1786 495 1813 an.
546 1776 661 1814 1686
701 1785 820 1826 vsque
862 1772 911 1812 ad
950 1784 1009 1811 an.
1062 1781 1190 1820 1713.
1227 1768 1432 1812 Maraldzts
1465 1770 1504 1809 in
1538 1766 1662 1810 Com-

347 1847 511 1877 mentar.
544 1838 668 1878 Acad.
703 1836 813 1877 Parifi
849 1837 895 1876 ad
929 1848 989 1875 an.
1030 1845 1163 1884 1713.
1198 1847 1239 1887 p.
1274 1837 1349 1885 64.
1383 1834 1442 1873 ed.
1478 1830 1563 1873 But.
1585 1833 1663 1877 suas

346 1901 626 1941 obseruationes
657 1915 746 1941 cum
780 1899 991 1942 Kirchianis
1024 1910 1251 1952 comparans
1275 1892 1451 1948 'eandem
1495 1910 1662 1950 pronun-

348 1965 463 2004 ciauit
496 1977 602 2015 405.
639 1965 788 2005 dierum
809 1998 819 2014 ,
852 1974 892 2003 et
924 1963 1132 2017 Epocham
1174 1961 1295 2016 phasis
1334 1962 1530 2002 maximae
1570 1974 1663 2001 con-

351 2027 466 2067 stituit
499 2030 535 2068 d.
576 2043 612 2069 1.
649 2028 853 2083 Sepmebr.
891 2027 933 2068 st.
969 2041 1008 2067 n.
1049 2031 1182 2077 1695.
1218 2035 1257 2066 et
1291 2025 1329 2065 d.
1369 2038 1437 2063 20.
1466 2024 1657 2078 Ap1·i1.st.

353 2104 395 2132 n.
442 2099 572 2141 1712.
638 2092 680 2134 Si
720 2092 885 2148 Epocha
923 2092 1110 2146 posterior
1150 2090 1362 2130 conseratur
1408 2102 1498 2131 cum
1539 2091 1664 2132 nostra

1560 2155 1662 2208 phafi
