1820 2506
402 190 482 232 DE
514 169 939 232 ARERRATIONE
968 182 1254 230 FIXARVM
1377 200 1470 244 459

603 298 684 359 M
692 294 872 357 anud
877 318 911 355 u
922 296 1000 359 &i
1010 317 1038 356 ο

265 398 322 443 ad
355 399 530 444 calculum
562 401 810 443 aberramms
817 399 1008 457 stellarum
1026 401 1206 455 fixarum
1237 401 1361 457 quoad

661 464 946 520 Longitudmem.

218 561 399 605 Maxima
441 561 632 602 aberratio
671 561 796 603 stellae
850 562 892 603 in
935 561 1216 616 longitudinem
1257 562 1475 604 obseruatur-

147 626 190 668 in
240 627 416 681 syzigiis,
458 635 497 665 et
545 626 599 666 est
647 626 748 666 nulla
790 628 831 667 in
870 628 1112 681 quadraturis.
1184 625 1352 681 Cognita
1403 629 1473 680 igi-

150 705 211 737 tur
256 690 492 747 longitudine
534 688 662 730 stellae
683 723 693 741 ,
734 689 824 731 huic
856 692 1038 731 addantur
1081 702 1103 739 3
1142 693 1243 740 figna
1293 705 1367 746 pro
1401 692 1472 731 ob—

152 760 305 800 tinenda
323 757 451 810 prima
483 755 718 808 quadratura,
753 755 819 795 vbi
855 755 1046 796 aberratio
1089 756 1140 796 est
1172 756 1273 797 nulla
1293 789 1303 808 ‚
1343 757 1477 809 quibus

152 823 179 863 fi
212 822 433 863 adiiciuntur
465 822 491 857 6
526 818 626 871 figna
661 819 891 859 obtinebitur
923 820 1030 859 locus
1064 820 1273 875 oppositus,
1305 820 1382 860 siue
1414 818 1473 862 vl-

152 887 245 927 tima
277 884 499 939 quadratura
534 884 573 922 in
608 894 682 935 qua
716 882 907 923 aberratio
941 883 1079 923 iterum
1114 886 1188 925 erit
1219 891 1335 924 nula,

178 964 220 1006 Α
270 964 395 1017 prima
436 960 659 1013 quadratura
724 960 770 998 ad
811 960 1103 1013 oppositionem
1151 960 1353 1012 longitudo
1401 970 1472 999 ex-

212 1029 312 1068 cedit
345 1036 478 1064 veram
513 1021 639 1063 versus
671 1021 885 1075 Orientem,
926 1032 964 1063 et
996 1023 1049 1062 est
1083 1024 1288 1075 maxima,
1322 1023 1364 1065 in
1397 1035 1473 1077 op-

214 1089 407 1145 positione
442 1087 666 1138 semperque
699 1087 925 1126 diminuitur
956 1086 1074 1139 vsque,
1100 1088 1149 1127 ad
1180 1087 1359 1128 vltimam
1380 1100 1474 1142 qua>

210 1155 404 1194 draturam
425 1182 435 1201 ,
470 1150 538 1190 vbi
571 1148 749 1202 aequaliS.

181 1217 248 1259 Ab
290 1216 428 1258 Vltima
468 1214 695 1267 quadratura
734 1214 781 1254 ad
800 1213 1121 1255 coniunc‘tionem
1163 1215 1368 1267 longitudo
1398 1216 1472 1258 εκέ

213 1281 316 1321 cedit
358 1290 489 1318 veram
535 1276 658 1317 versus
699 1274 934 1320 Occidentem
952 1311 964 1330 ,
1006 1288 1045 1317 et
1088 1278 1143 1318 est
1185 1280 1362 1320 maxima
1383 1312 1394 1329 ,
1429 1281 1471 1323 in

213 1342 488 1386 coniunffione
520 1354 542 1382 a
574 1354 646 1396 qua
680 1341 818 1383 iterum
852 1342 1093 1383 imminuitur
1127 1351 1165 1382 et
1197 1344 1376 1397 aequabit
1410 1345 1474 1385 ni-

209 1408 295 1452 hilo
337 1408 377 1447 in
419 1406 546 1462 prima
585 1406 812 1459 qutdrttura
846 1407 913 1449 vbi
952 1405 1001 1447 sc.
1046 1406 1249 1460 longitudo
1287 1420 1472 1463 apparens

214 1472 265 1511 est
299 1470 461 1524 aequ-ilis
492 1470 721 1523 longitudini
755 1483 881 1510 verae.

151 1559 192 1587 2.
229 1548 302 1589 Pro
343 1545 633 1587 determinanda
672 1546 882 1599 quantitate
923 1544 1172 1587 aberrationis
1217 1547 1259 1587 in
1298 1545 1467 1600 longitu

278 1611 408 1651 dinem

210 1674 388 1716 inferatur

332 1739 391 1782 Vt
421 1738 555 1791 csfimts
583 1736 790 1779 latitudinis
808 1766 822 1790 ‚

338 1800 408 1841 Ad
425 1802 546 1853 sinum
578 1808 688 1840 totum
712 1815 724 1855 3

340 1862 408 1903 Ita
430 1864 534 1916 finus
568 1860 662 1901 20²²
682 1896 692 1915 ‚

338 1927 408 1971 Ad
422 1929 545 1982 finum
575 1929 823 1970 aberratiom's
857 1930 1045 1972 maximae
1078 1932 1115 1972 in
1151 1930 1421 1986 longitudinem.

156 2013 195 2053 3.
235 2001 384 2054 Regula
448 2015 522 2056 pro
587 2003 811 2057 applicanda
871 2005 1107 2046 aberratione
1166 2009 1341 2052 maxima
1397 2008 1474 2053 erit

241 2066 396 2120 sequens

713 2130 928 2173 Mmmz
1441 2148 1465 2176 α
