1820 2506
383 190 468 231 162
651 187 734 233 DE
758 180 1139 249 QVANTJTATE
1170 177 1414 229 CALORIS

379 309 547 351 miriatos
578 308 747 362 superare
780 306 919 347 debent
937 339 947 357 ‚
981 304 1033 344 ob
1065 303 1351 346 decrementum
1382 303 1519 345 caloris
1551 298 1689 360 duran}

378 382 418 414 te
450 373 734 427 experimento.
780 368 966 426 (Collato
1001 368 1034 416 §.
1071 365 1147 423 6.)
1200 367 1218 383 “

528 437 562 486 ξ.
588 450 654 475 11.
691 435 758 476 Ex
791 434 894 473 hisce
910 431 1030 485 liquet
1046 429 1058 486 (
1074 443 1092 469 1
1116 444 1183 472 cur
1214 432 1255 472 in
1287 430 1416 472 multis
1447 433 1692 487 experimen-

377 502 426 541 tis
460 501 556 542 Tab.
595 500 649 540 II.
684 497 851 538 adductis
875 495 1221 536 Thermometrum
1239 495 1372 548 gradus
1389 495 1593 536 ostenderit
1609 508 1694 537 ma-

377 566 477 606 iores
510 576 625 618 quam
656 560 825 601 formula
869 557 1018 599 Clariff.
1063 558 1215 600 Krafftii
1256 558 1466 612 requirebat

499 634 541 679 2)
576 639 641 667 cur
672 626 713 665 in
746 625 1024 678 experimentis
1055 623 1153 664 Tab.
1190 620 1223 663 1.
1243 622 1413 662 adductis
1431 621 1697 663 Thermome-

379 699 470 732 tron
503 693 651 743 semper
683 688 887 729 ostenderit
919 688 1088 728 minores
1121 686 1255 740 gradus
1273 718 1284 738 ,
1320 699 1434 739 quam
1453 686 1612 727 formula
1630 684 1693 726 Cl.

378 754 529 796 Krafftii
563 753 774 807 requirebat
792 784 802 804 ,
837 751 924 805 quia
957 751 1095 791 scilicet
1127 751 1299 790 minores
1331 748 1465 790 maffas
1482 750 1596 803 elegit
1614 761 1695 790 non

379 819 547 860 multum
579 816 795 858 differentes
824 815 869 855 ab
902 815 958 865 iis,
992 815 1123 868 quibus
1155 813 1238 853 vsus
1279 813 1332 852 est
1365 815 1411 854 ad
1445 815 1695 867 experimen-

381 891 420 923 ta
438 915 450 935 ‚
482 894 578 936 quae
611 881 658 922 ad
690 878 895 920 formulam
928 877 1032 918 suam
1065 877 1309 918 condendam
1343 877 1524 917 adhibuit.

498 951 541 996 3)
576 942 656 984 Cur
688 942 835 996 semper
868 941 1181 982 thermometron
1215 940 1421 980 ostenderit
1453 941 1587 993 gradus
1621 940 1697 980 mi-

380 1020 493 1050 nores
525 1010 566 1049 in
598 1017 761 1060 Vtraque
792 1004 916 1046 tabula
934 1037 946 1056 ,
979 1017 1093 1058 quam
1126 1003 1329 1044 secundum
1347 1003 1549 1044 formulam
1568 1016 1698 1044 meam

380 1072 578 1113 ostendere
611 1066 795 1111 debuiffet
813 1101 823 1120 ,
856 1069 943 1122 quia
974 1068 1052 1108 scil.
1069 1067 1233 1108 formula
1249 1080 1335 1108 mea
1353 1068 1540 1120 exprimit
1558 1080 1698 1107 verum

381 1136 578 1189 Vtriusque
612 1132 858 1186 ingredientis
890 1130 1061 1171 calorem
1078 1131 1313 1171 distributum
1332 1143 1401 1183 per
1417 1128 1575 1171 massam
1593 1131 1699 1170 mix-

381 1200 442 1250 ti,
483 1198 808 1239 thermometrum
847 1206 945 1234 vero
992 1194 1161 1235 calorem
1198 1187 1316 1234 mixti
1356 1193 1469 1234 causis
1510 1194 1701 1234 recensitis

380 1263 631 1303 imminutum
674 1259 816 1314 prodit.
883 1258 987 1299 Hinc
1027 1257 1192 1298 calculus
1232 1257 1308 1297 col.
1354 1256 1449 1297 VII.
1492 1256 1560 1297 vbi
1600 1259 1700 1297 ratio

381 1326 493 1369 fimul
525 1325 651 1366 habita
685 1323 738 1365 est
771 1322 1042 1364 thermometri
1082 1331 1121 1363 et
1154 1321 1249 1363 vasis
1267 1354 1278 1375 ‚
1319 1333 1455 1376 parum
1496 1320 1621 1362 differt
1653 1320 1700 1362 ab

380 1391 669 1445 experimentis.

502 1459 547 1505 4)
581 1452 662 1495 Cur
694 1451 925 1506 comparatis
958 1450 1131 1504 gradibus
1167 1449 1265 1491 Tab.
1303 1448 1336 1490 I.
1359 1462 1411 1490 ex
1430 1448 1594 1492 formula
1612 1461 1699 1490 mea

380 1518 552 1559 deductis
592 1519 683 1558 cum
723 1516 899 1569 gradibus
938 1515 1230 1555 Thermometri
1272 1512 1507 1554 differentiae
1540 1513 1698 1553 istorum

382 1582 565 1636 graduum
598 1580 857 1622 voluminibus
891 1579 1138 1619 crescentibus
1170 1586 1320 1618 tantum
1353 1589 1433 1616 non
1467 1577 1614 1630 semper
1632 1577 1699 1616 de-

383 1645 548 1687 crescant
567 1678 578 1697 ,
612 1645 700 1699 quia
732 1642 809 1684 scil.
846 1642 969 1683 masfis
1011 1641 1257 1683 crescentibus
1297 1641 1427 1680 minor
1469 1640 1603 1680 caloris
1644 1640 1698 1680 ia-

382 1710 490 1751 &ura
522 1708 607 1749 fieri
639 1709 764 1750 debet.
831 1705 879 1748 In
912 1706 1084 1760 gradibus
1118 1718 1169 1746 ex
1204 1701 1352 1745 Clariis.
1385 1702 1534 1744 Krafftii
1553 1703 1697 1744 formu-

381 1774 418 1814 la
451 1773 624 1814 deductis
655 1773 695 1813 id
728 1784 808 1812 non
843 1780 1000 1824 apparet
1019 1803 1030 1823 ‚
1073 1770 1101 1812 fi
1134 1778 1406 1822 comparantur
1446 1780 1535 1808 cum
1574 1768 1698 1820 gradi-

382 1839 451 1878 bus
483 1835 797 1888 Thermometri,
832 1835 976 1875 indicio
994 1867 1005 1885 ,
1039 1834 1143 1888 quod
1176 1832 1240 1872 ista
1256 1830 1416 1872 formula
1450 1844 1530 1871 non
1564 1832 1695 1885 expri-

382 1910 463 1943 mat
495 1913 631 1942 verum
663 1900 781 1943 mixti
814 1899 983 1939 calorem
1002 1931 1013 1951 ,
1045 1898 1106 1938 sed
1146 1897 1315 1938 calorem
1356 1895 1475 1936 mixti
1516 1894 1603 1949 post
1643 1896 1698 1936 ia-

383 1965 530 2007 &turam
566 1965 757 2020 quandam,
794 1963 960 2004 nesam:
996 1971 1103 2017 patet

506 2033 547 2080 5)
582 2042 649 2069 cur
681 2029 722 2068 in
755 2027 879 2068 tabula
916 2026 990 2066 2da
1021 2025 1099 2066 hoc
1134 2037 1214 2065 non
1249 2024 1463 2065 obseruetur
1481 2056 1491 2076 ,
1525 2024 1611 2077 quia
1644 2023 1696 2064 ob

385 2091 549 2135 maiores
587 2090 723 2135 massas
763 2092 1006 2134 decrementa
1045 2101 1099 2131 ex
1138 2088 1252 2131 causis
1271 2121 1282 2142 ,
1323 2100 1419 2144 quae
1459 2089 1500 2129 in
1541 2088 1697 2140 experi·

1582 2163 1692 2192 men-
