<?xml version="1.0" encoding="UTF-8"?>
<!DOCTYPE html PUBLIC "-//W3C//DTD XHTML 1.0 Transitional//EN"
    "http://www.w3.org/TR/xhtml1/DTD/xhtml1-transitional.dtd">
<html xmlns="http://www.w3.org/1999/xhtml" xml:lang="en" lang="en">
 <head>
  <title>
</title>
<meta http-equiv="Content-Type" content="text/html;charset=utf-8" />
  <meta name='ocr-system' content='tesseract 3.04.00' />
  <meta name='ocr-capabilities' content='ocr_page ocr_carea ocr_par ocr_line ocrx_word'/>
</head>
<body>
  <div class='ocr_page' id='page_1' title='image "./novicommentariac01impe_0438.png"; bbox 0 0 1820 2506; ppageno 0'>
   <div class='ocr_carea' id='block_1_1' title="bbox 385 145 1352 204">
    <p class='ocr_par' dir='ltr' id='par_1_1' title="bbox 385 145 1352 204">
     <span class='ocr_line' id='line_1_1' title="bbox 385 145 1352 204; baseline 0.005 -13"><span class='ocrx_word' id='word_1_1' title='bbox 385 162 481 204; x_wconf 55' lang='lat'><strong>340</strong></span> <span class='ocrx_word' id='word_1_2' title='bbox 721 147 805 193; x_wconf 79' lang='lat' dir='ltr'><strong>DE.</strong></span> <span class='ocrx_word' id='word_1_3' title='bbox 833 145 1037 193; x_wconf 77' lang='lat' dir='ltr'><em>VTERO</em></span> <span class='ocrx_word' id='word_1_4' title='bbox 1074 149 1352 199; x_wconf 78' lang='lat' dir='ltr'><strong><em>MVLIEBRl</em></strong></span> 
     </span>
    </p>
   </div>
   <div class='ocr_carea' id='block_1_2' title="bbox 348 266 1706 2148">
    <p class='ocr_par' dir='ltr' id='par_1_2' title="bbox 348 266 1706 2095">
     <span class='ocr_line' id='line_1_2' title="bbox 385 266 1700 322; baseline 0.003 -12"><span class='ocrx_word' id='word_1_5' title='bbox 385 270 466 315; x_wconf 63' lang='lat' dir='ltr'><strong>dio,</strong></span> <span class='ocrx_word' id='word_1_6' title='bbox 486 276 612 309; x_wconf 83' lang='lat' dir='ltr'><strong>vterus</strong></span> <span class='ocrx_word' id='word_1_7' title='bbox 645 266 698 307; x_wconf 88' lang='lat' dir='ltr'><strong>est</strong></span> <span class='ocrx_word' id='word_1_8' title='bbox 731 269 849 321; x_wconf 84' lang='lat' dir='ltr'><strong>magis</strong></span> <span class='ocrx_word' id='word_1_9' title='bbox 881 267 1097 321; x_wconf 82' lang='lat' dir='ltr'><strong>spongiofiis</strong></span> <span class='ocrx_word' id='word_1_10' title='bbox 1129 276 1169 308; x_wconf 88' lang='lat' dir='ltr'><strong>et</strong></span> <span class='ocrx_word' id='word_1_11' title='bbox 1200 269 1373 322; x_wconf 80' lang='lat' dir='ltr'>plurimis</span> <span class='ocrx_word' id='word_1_12' title='bbox 1407 269 1617 313; x_wconf 83' lang='lat' dir='ltr'><strong>cauemulis</strong></span> <span class='ocrx_word' id='word_1_13' title='bbox 1648 283 1700 313; x_wconf 74' lang='lat' dir='ltr'><strong>ac</strong></span> 
     </span>
     <span class='ocr_line' id='line_1_3' title="bbox 384 329 1700 384; baseline -0.002 -10"><span class='ocrx_word' id='word_1_14' title='bbox 384 333 510 376; x_wconf 89' lang='lat' dir='ltr'><strong>finulis</strong></span> <span class='ocrx_word' id='word_1_15' title='bbox 542 330 690 371; x_wconf 83' lang='lat' dir='ltr'><strong>venofis</strong></span> <span class='ocrx_word' id='word_1_16' title='bbox 726 331 891 371; x_wconf 84' lang='lat' dir='ltr'><strong>diuersae</strong></span> <span class='ocrx_word' id='word_1_17' title='bbox 922 329 1185 384; x_wconf 72' lang='lat' dir='ltr'>amplitudinis</span> <span class='ocrx_word' id='word_1_18' title='bbox 1216 332 1480 375; x_wconf 70' lang='lat' dir='ltr'><strong>interstinctus.</strong></span> <span class='ocrx_word' id='word_1_19' title='bbox 1556 335 1700 377; x_wconf 62' lang='lat' dir='ltr'><strong>Proxi-</strong></span> 
     </span>
     <span class='ocr_line' id='line_1_4' title="bbox 348 395 1695 453; baseline 0.004 -19"><span class='ocrx_word' id='word_1_20' title='bbox 348 440 350 443; x_wconf 12' lang='lat' dir='ltr'>y</span> <span class='ocrx_word' id='word_1_21' title='bbox 387 409 454 438; x_wconf 87' lang='lat' dir='ltr'><strong>me</strong></span> <span class='ocrx_word' id='word_1_22' title='bbox 487 403 618 436; x_wconf 86' lang='lat' dir='ltr'><strong>autem</strong></span> <span class='ocrx_word' id='word_1_23' title='bbox 649 395 852 435; x_wconf 86' lang='lat' dir='ltr'><strong>cauitatem</strong></span> <span class='ocrx_word' id='word_1_24' title='bbox 885 395 1082 435; x_wconf 87' lang='lat' dir='ltr'><strong>internam.</strong></span> <span class='ocrx_word' id='word_1_25' title='bbox 1114 395 1310 436; x_wconf 86' lang='lat' dir='ltr'><strong>substantia</strong></span> <span class='ocrx_word' id='word_1_26' title='bbox 1353 397 1496 440; x_wconf 83' lang='lat' dir='ltr'><strong>iterum·</strong></span> <span class='ocrx_word' id='word_1_27' title='bbox 1531 411 1695 453; x_wconf 86' lang='lat' dir='ltr'><strong>compa.-</strong></span> 
     </span>
     <span class='ocr_line' id='line_1_5' title="bbox 388 457 1694 512; baseline 0.002 -12"><span class='ocrx_word' id='word_1_28' title='bbox 388 459 491 500; x_wconf 71' lang='lat' dir='ltr'><strong>‹stior</strong></span> <span class='ocrx_word' id='word_1_29' title='bbox 523 458 660 499; x_wconf 86' lang='lat' dir='ltr'><strong>euadit.</strong></span> <span class='ocrx_word' id='word_1_30' title='bbox 728 458 836 500; x_wconf 85' lang='lat' dir='ltr'><strong>Haec</strong></span> <span class='ocrx_word' id='word_1_31' title='bbox 868 457 1143 512; x_wconf 82' lang='lat' dir='ltr'><strong>phaenomena</strong></span> <span class='ocrx_word' id='word_1_32' title='bbox 1182 460 1304 512; x_wconf 85' lang='lat' dir='ltr'><strong>magis</strong></span> <span class='ocrx_word' id='word_1_33' title='bbox 1353 459 1474 501; x_wconf 71' lang='lat' dir='ltr'><strong>fauere</strong></span> <span class='ocrx_word' id='word_1_34' title='bbox 1518 462 1694 503; x_wconf 71' lang='lat' dir='ltr'><strong>videntur</strong></span> 
     </span>
     <span class='ocr_line' id='line_1_6' title="bbox 386 520 1692 576; baseline 0.002 -14"><span class='ocrx_word' id='word_1_35' title='bbox 386 522 591 562; x_wconf 88' lang='lat' dir='ltr'><strong>sententiae</strong></span> <span class='ocrx_word' id='word_1_36' title='bbox 606 520 762 563; x_wconf 88' lang='lat' dir='ltr'><strong>illorum</strong></span> <span class='ocrx_word' id='word_1_37' title='bbox 781 553 792 574; x_wconf 84' lang='lat'>,</span> <span class='ocrx_word' id='word_1_38' title='bbox 826 522 892 575; x_wconf 92' lang='lat' dir='ltr'><strong>qui</strong></span> <span class='ocrx_word' id='word_1_39' title='bbox 925 530 1076 563; x_wconf 89' lang='lat' dir='ltr'><strong>vterum</strong></span> <span class='ocrx_word' id='word_1_40' title='bbox 1106 523 1304 576; x_wconf 84' lang='lat' dir='ltr'><strong>grauidum</strong></span> <span class='ocrx_word' id='word_1_41' title='bbox 1321 525 1505 565; x_wconf 83' lang='lat' dir='ltr'><strong>attenuari</strong></span> <span class='ocrx_word' id='word_1_42' title='bbox 1538 525 1692 567; x_wconf 86' lang='lat' dir='ltr'><strong>docent.</strong></span> 
     </span>
     <span class='ocr_line' id='line_1_7' title="bbox 385 586 1700 643; baseline 0 -17"><span class='ocrx_word' id='word_1_43' title='bbox 385 586 632 643; x_wconf 80' lang='lat' dir='ltr'><strong>Quamquam</strong></span> <span class='ocrx_word' id='word_1_44' title='bbox 650 618 661 638; x_wconf 82' lang='lat'><strong>,</strong></span> <span class='ocrx_word' id='word_1_45' title='bbox 694 586 721 627; x_wconf 84' lang='lat' dir='ltr'><strong>si</strong></span> <span class='ocrx_word' id='word_1_46' title='bbox 754 597 883 626; x_wconf 88' lang='lat' dir='ltr'><strong>meam</strong></span> <span class='ocrx_word' id='word_1_47' title='bbox 901 594 1088 632; x_wconf 86' lang='lat' dir='ltr'>mentem</span> <span class='ocrx_word' id='word_1_48' title='bbox 1120 587 1366 641; x_wconf 82' lang='lat' dir='ltr'><strong>interponere</strong></span> <span class='ocrx_word' id='word_1_49' title='bbox 1398 587 1528 629; x_wconf 89' lang='lat' dir='ltr'><strong>licebit</strong></span> <span class='ocrx_word' id='word_1_50' title='bbox 1568 586 1700 641; x_wconf 85' lang='lat' dir='ltr'><strong>dispu-</strong></span> 
     </span>
     <span class='ocr_line' id='line_1_8' title="bbox 384 648 1697 702; baseline 0.002 -13"><span class='ocrx_word' id='word_1_51' title='bbox 384 649 527 690; x_wconf 85' lang='lat' dir='ltr'><strong>tationi</strong></span> <span class='ocrx_word' id='word_1_52' title='bbox 556 649 616 689; x_wconf 85' lang='lat' dir='ltr'><strong>isti</strong></span> <span class='ocrx_word' id='word_1_53' title='bbox 638 679 650 699; x_wconf 89' lang='lat'>‚</span> <span class='ocrx_word' id='word_1_54' title='bbox 684 661 779 702; x_wconf 88' lang='lat' dir='ltr'><strong>quae</strong></span> <span class='ocrx_word' id='word_1_55' title='bbox 813 648 861 689; x_wconf 89' lang='lat' dir='ltr'><strong>de</strong></span> <span class='ocrx_word' id='word_1_56' title='bbox 890 649 1034 689; x_wconf 83' lang='lat' dir='ltr'><strong>diuersa</strong></span> <span class='ocrx_word' id='word_1_57' title='bbox 1064 651 1163 690; x_wconf 78' lang='lat' dir='ltr'><strong>vteri</strong></span> <span class='ocrx_word' id='word_1_58' title='bbox 1197 649 1434 692; x_wconf 72' lang='lat' dir='ltr'><strong>crassitudine</strong></span> <span class='ocrx_word' id='word_1_59' title='bbox 1473 652 1574 692; x_wconf 88' lang='lat' dir='ltr'><strong>inter</strong></span> <span class='ocrx_word' id='word_1_60' title='bbox 1607 651 1697 692; x_wconf 81' lang='lat' dir='ltr'><strong>artis</strong></span> 
     </span>
     <span class='ocr_line' id='line_1_9' title="bbox 386 712 1697 767; baseline 0 -13"><span class='ocrx_word' id='word_1_61' title='bbox 386 712 653 754; x_wconf 86' lang='lat' dir='ltr'><strong>obstetricandi</strong></span> <span class='ocrx_word' id='word_1_62' title='bbox 687 712 884 765; x_wconf 88' lang='lat' dir='ltr'><strong>magistros</strong></span> <span class='ocrx_word' id='word_1_63' title='bbox 916 712 1023 765; x_wconf 86' lang='lat' dir='ltr'><strong>viget</strong></span> <span class='ocrx_word' id='word_1_64' title='bbox 1052 713 1093 753; x_wconf 93' lang='lat' dir='ltr'><strong>in</strong></span> <span class='ocrx_word' id='word_1_65' title='bbox 1124 713 1442 756; x_wconf 82' lang='lat' dir='ltr'><strong>determinatione</strong></span> <span class='ocrx_word' id='word_1_66' title='bbox 1472 714 1665 756; x_wconf 84' lang='lat' dir='ltr'><strong>mensurae</strong></span> <span class='ocrx_word' id='word_1_67' title='bbox 1682 746 1697 767; x_wconf 88' lang='lat'>,</span> 
     </span>
     <span class='ocr_line' id='line_1_10' title="bbox 387 774 1704 833; baseline 0.001 -15"><span class='ocrx_word' id='word_1_68' title='bbox 387 776 558 818; x_wconf 92' lang='lat' dir='ltr'><strong>multum</strong></span> <span class='ocrx_word' id='word_1_69' title='bbox 591 774 824 817; x_wconf 87' lang='lat' dir='ltr'><strong>difficultatis</strong></span> <span class='ocrx_word' id='word_1_70' title='bbox 854 785 893 817; x_wconf 90' lang='lat' dir='ltr'><strong>et</strong></span> <span class='ocrx_word' id='word_1_71' title='bbox 924 784 1132 829; x_wconf 73' lang='lat' dir='ltr'><strong>praeterea.</strong></span> <span class='ocrx_word' id='word_1_72' title='bbox 1152 776 1413 830; x_wconf 84' lang='lat' dir='ltr'><strong>amphibolice</strong></span> <span class='ocrx_word' id='word_1_73' title='bbox 1443 779 1533 833; x_wconf 86' lang='lat' dir='ltr'><strong>quid</strong></span> <span class='ocrx_word' id='word_1_74' title='bbox 1555 775 1704 819; x_wconf 82' lang='lat' dir='ltr'><strong>subesse·</strong></span> 
     </span>
     <span class='ocr_line' id='line_1_11' title="bbox 386 839 1696 896; baseline 0.001 -15"><span class='ocrx_word' id='word_1_75' title='bbox 386 839 486 882; x_wconf 92' lang='lat' dir='ltr'><strong>mihi</strong></span> <span class='ocrx_word' id='word_1_76' title='bbox 527 839 716 880; x_wconf 85' lang='lat' dir='ltr'><strong>videatur.</strong></span> <span class='ocrx_word' id='word_1_77' title='bbox 796 839 876 896; x_wconf 82' lang='lat' dir='ltr'><strong>Qui</strong></span> <span class='ocrx_word' id='word_1_78' title='bbox 916 839 1021 881; x_wconf 89' lang='lat' dir='ltr'><strong>enim</strong></span> <span class='ocrx_word' id='word_1_79' title='bbox 1056 840 1314 894; x_wconf 77' lang='lat' dir='ltr'><strong>quantitatem</strong></span> <span class='ocrx_word' id='word_1_80' title='bbox 1350 840 1465 882; x_wconf 86' lang='lat' dir='ltr'><strong>istam</strong></span> <span class='ocrx_word' id='word_1_81' title='bbox 1512 841 1696 882; x_wconf 86' lang='lat' dir='ltr'><strong>diuersam</strong></span> 
     </span>
     <span class='ocr_line' id='line_1_12' title="bbox 386 902 1697 956; baseline 0.001 -12"><span class='ocrx_word' id='word_1_82' title='bbox 386 904 480 944; x_wconf 87' lang='lat' dir='ltr'><strong>iuste</strong></span> <span class='ocrx_word' id='word_1_83' title='bbox 511 903 610 942; x_wconf 90' lang='lat' dir='ltr'><strong>inter</strong></span> <span class='ocrx_word' id='word_1_84' title='bbox 642 903 684 942; x_wconf 31' lang='lat' dir='ltr'><strong>se&lt;</strong></span> <span class='ocrx_word' id='word_1_85' title='bbox 708 915 933 956; x_wconf 86' lang='lat' dir='ltr'><strong>comparare</strong></span> <span class='ocrx_word' id='word_1_86' title='bbox 964 902 1130 956; x_wconf 82' lang='lat' dir='ltr'><strong>volunt,</strong></span> <span class='ocrx_word' id='word_1_87' title='bbox 1171 902 1389 944; x_wconf 72' lang='lat' dir='ltr'><strong>necessario·</strong></span> <span class='ocrx_word' id='word_1_88' title='bbox 1417 902 1697 945; x_wconf 81' lang='lat' dir='ltr'><strong>obseruationes</strong></span> 
     </span>
     <span class='ocr_line' id='line_1_13' title="bbox 385 965 1698 1009; baseline 0.001 -2"><span class='ocrx_word' id='word_1_89' title='bbox 385 965 463 1007; x_wconf 87' lang='lat' dir='ltr'><strong>suas</strong></span> <span class='ocrx_word' id='word_1_90' title='bbox 491 965 533 1005; x_wconf 90' lang='lat' dir='ltr'><strong>in</strong></span> <span class='ocrx_word' id='word_1_91' title='bbox 565 978 648 1007; x_wconf 85' lang='lat' dir='ltr'><strong>vno</strong></span> <span class='ocrx_word' id='word_1_92' title='bbox 680 974 717 1005; x_wconf 90' lang='lat' dir='ltr'><strong>et</strong></span> <span class='ocrx_word' id='word_1_93' title='bbox 751 965 901 1006; x_wconf 80' lang='lat' dir='ltr'><strong>eodem.</strong></span> <span class='ocrx_word' id='word_1_94' title='bbox 922 965 1090 1006; x_wconf 65' lang='lat' dir='ltr'><strong>subiecto</strong></span> <span class='ocrx_word' id='word_1_95' title='bbox 1123 966 1313 1007; x_wconf 87' lang='lat' dir='ltr'><strong>instituere</strong></span> <span class='ocrx_word' id='word_1_96' title='bbox 1331 966 1483 1007; x_wconf 80' lang='lat' dir='ltr'><strong>debent.</strong></span> <span class='ocrx_word' id='word_1_97' title='bbox 1548 968 1607 1009; x_wconf 83' lang='lat' dir='ltr'><strong>At</strong></span> <span class='ocrx_word' id='word_1_98' title='bbox 1625 979 1698 1008; x_wconf 87' lang='lat' dir='ltr'><strong>ve-</strong></span> 
     </span>
     <span class='ocr_line' id='line_1_14' title="bbox 386 1027 1695 1082; baseline 0.002 -13"><span class='ocrx_word' id='word_1_99' title='bbox 386 1042 433 1070; x_wconf 89' lang='lat' dir='ltr'><strong>ro</strong></span> <span class='ocrx_word' id='word_1_100' title='bbox 464 1041 552 1070; x_wconf 90' lang='lat' dir='ltr'><strong>cum</strong></span> <span class='ocrx_word' id='word_1_101' title='bbox 585 1027 663 1068; x_wconf 89' lang='lat' dir='ltr'><strong>hoc</strong></span> <span class='ocrx_word' id='word_1_102' title='bbox 696 1027 780 1070; x_wconf 85' lang='lat' dir='ltr'><strong>fieri</strong></span> <span class='ocrx_word' id='word_1_103' title='bbox 811 1038 969 1082; x_wconf 86' lang='lat' dir='ltr'><strong>nequeat</strong></span> <span class='ocrx_word' id='word_1_104' title='bbox 988 1061 999 1080; x_wconf 90' lang='lat'>,</span> <span class='ocrx_word' id='word_1_105' title='bbox 1031 1028 1145 1069; x_wconf 89' lang='lat' dir='ltr'><strong>nulla.</strong></span> <span class='ocrx_word' id='word_1_106' title='bbox 1168 1030 1275 1082; x_wconf 87' lang='lat' dir='ltr'><strong>prior</strong></span> <span class='ocrx_word' id='word_1_107' title='bbox 1307 1030 1371 1070; x_wconf 87' lang='lat' dir='ltr'><strong>via</strong></span> <span class='ocrx_word' id='word_1_108' title='bbox 1402 1031 1451 1072; x_wconf 90' lang='lat' dir='ltr'><strong>ad</strong></span> <span class='ocrx_word' id='word_1_109' title='bbox 1490 1031 1695 1072; x_wconf 82' lang='lat' dir='ltr'><strong>veritatem</strong></span> 
     </span>
     <span class='ocr_line' id='line_1_15' title="bbox 384 1090 1694 1147; baseline 0.002 -15"><span class='ocrx_word' id='word_1_110' title='bbox 384 1093 443 1134; x_wconf 55' lang='lat' dir='ltr'><strong>est‘</strong></span> <span class='ocrx_word' id='word_1_111' title='bbox 457 1126 469 1144; x_wconf 87' lang='lat'>,</span> <span class='ocrx_word' id='word_1_112' title='bbox 501 1104 619 1144; x_wconf 87' lang='lat' dir='ltr'><strong>quam</strong></span> <span class='ocrx_word' id='word_1_113' title='bbox 653 1100 698 1131; x_wconf 84' lang='lat' dir='ltr'><strong>vt</strong></span> <span class='ocrx_word' id='word_1_114' title='bbox 729 1091 837 1143; x_wconf 90' lang='lat' dir='ltr'><strong>plura</strong></span> <span class='ocrx_word' id='word_1_115' title='bbox 870 1090 1065 1143; x_wconf 87' lang='lat' dir='ltr'><strong>exempla.</strong></span> <span class='ocrx_word' id='word_1_116' title='bbox 1094 1091 1325 1144; x_wconf 74' lang='lat' dir='ltr'><strong>colligantur</strong></span> <span class='ocrx_word' id='word_1_117' title='bbox 1339 1123 1361 1144; x_wconf 24' lang='lat' dir='ltr'><strong>‚i</strong></span> <span class='ocrx_word' id='word_1_118' title='bbox 1392 1102 1432 1133; x_wconf 89' lang='lat' dir='ltr'><strong>et</strong></span> <span class='ocrx_word' id='word_1_119' title='bbox 1448 1125 1461 1144; x_wconf 88' lang='lat'>,</span> <span class='ocrx_word' id='word_1_120' title='bbox 1501 1095 1569 1147; x_wconf 82' lang='lat' dir='ltr'><strong>qui</strong></span> <span class='ocrx_word' id='word_1_121' title='bbox 1608 1105 1694 1136; x_wconf 88' lang='lat' dir='ltr'><strong>mo-</strong></span> 
     </span>
     <span class='ocr_line' id='line_1_16' title="bbox 385 1152 1698 1207; baseline 0.002 -12"><span class='ocrx_word' id='word_1_122' title='bbox 385 1154 454 1195; x_wconf 89' lang='lat' dir='ltr'><strong>dus</strong></span> <span class='ocrx_word' id='word_1_123' title='bbox 484 1154 722 1206; x_wconf 86' lang='lat' dir='ltr'><strong>frequentior.</strong></span> <span class='ocrx_word' id='word_1_124' title='bbox 750 1153 825 1204; x_wconf 83' lang='lat' dir='ltr'><strong>fit,</strong></span> <span class='ocrx_word' id='word_1_125' title='bbox 859 1152 1073 1206; x_wconf 83' lang='lat' dir='ltr'><strong>dispiciatur</strong></span> <span class='ocrx_word' id='word_1_126' title='bbox 1091 1185 1105 1204; x_wconf 85' lang='lat'>‚</span> <span class='ocrx_word' id='word_1_127' title='bbox 1134 1153 1177 1193; x_wconf 89' lang='lat' dir='ltr'><strong>in</strong></span> <span class='ocrx_word' id='word_1_128' title='bbox 1217 1166 1297 1207; x_wconf 91' lang='lat' dir='ltr'><strong>quo</strong></span> <span class='ocrx_word' id='word_1_129' title='bbox 1336 1155 1478 1196; x_wconf 61' lang='lat' dir='ltr'><strong>exacte.</strong></span> <span class='ocrx_word' id='word_1_130' title='bbox 1514 1156 1698 1197; x_wconf 83' lang='lat' dir='ltr'><strong>determi-</strong></span> 
     </span>
     <span class='ocr_line' id='line_1_17' title="bbox 384 1215 1695 1270; baseline 0.002 -13"><span class='ocrx_word' id='word_1_131' title='bbox 384 1217 516 1258; x_wconf 87' lang='lat' dir='ltr'><strong>nando</strong></span> <span class='ocrx_word' id='word_1_132' title='bbox 548 1228 570 1257; x_wconf 90' lang='lat' dir='ltr'><strong>a</strong></span> <span class='ocrx_word' id='word_1_133' title='bbox 603 1216 721 1256; x_wconf 86' lang='lat' dir='ltr'><strong>nimis</strong></span> <span class='ocrx_word' id='word_1_134' title='bbox 754 1228 851 1268; x_wconf 76' lang='lat' dir='ltr'><strong>vaga</strong></span> <span class='ocrx_word' id='word_1_135' title='bbox 885 1215 959 1256; x_wconf 82' lang='lat' dir='ltr'><strong>illa</strong></span> <span class='ocrx_word' id='word_1_136' title='bbox 985 1228 1057 1269; x_wconf 88' lang='lat' dir='ltr'><strong>per</strong></span> <span class='ocrx_word' id='word_1_137' title='bbox 1090 1216 1240 1270; x_wconf 88' lang='lat' dir='ltr'><strong>digitos-</strong></span> <span class='ocrx_word' id='word_1_138' title='bbox 1272 1219 1494 1259; x_wconf 82' lang='lat' dir='ltr'><strong>transuersos</strong></span> <span class='ocrx_word' id='word_1_139' title='bbox 1539 1219 1695 1260; x_wconf 83' lang='lat' dir='ltr'><strong>dimeti-</strong></span> 
     </span>
     <span class='ocr_line' id='line_1_18' title="bbox 388 1278 1702 1335; baseline 0.003 -15"><span class='ocrx_word' id='word_1_140' title='bbox 388 1280 479 1320; x_wconf 86' lang='lat' dir='ltr'><strong>endi</strong></span> <span class='ocrx_word' id='word_1_141' title='bbox 513 1279 706 1320; x_wconf 85' lang='lat' dir='ltr'><strong>methodo</strong></span> <span class='ocrx_word' id='word_1_142' title='bbox 739 1278 1001 1320; x_wconf 81' lang='lat' dir='ltr'><strong>abstinendum</strong></span> <span class='ocrx_word' id='word_1_143' title='bbox 1022 1311 1040 1332; x_wconf 83' lang='lat'><strong>,.</strong></span> <span class='ocrx_word' id='word_1_144' title='bbox 1089 1279 1279 1334; x_wconf 82' lang='lat' dir='ltr'><strong>aliamque</strong></span> <span class='ocrx_word' id='word_1_145' title='bbox 1321 1282 1442 1335; x_wconf 88' lang='lat' dir='ltr'><strong>magis</strong></span> <span class='ocrx_word' id='word_1_146' title='bbox 1482 1291 1702 1325; x_wconf 82' lang='lat' dir='ltr'><strong>accuratam</strong></span> 
     </span>
     <span class='ocr_line' id='line_1_19' title="bbox 388 1341 1697 1400; baseline 0.003 -16"><span class='ocrx_word' id='word_1_147' title='bbox 388 1343 601 1384; x_wconf 87' lang='lat' dir='ltr'><strong>mensuram</strong></span> <span class='ocrx_word' id='word_1_148' title='bbox 635 1344 681 1384; x_wconf 54' lang='lat' dir='ltr'><strong>in¹</strong></span> <span class='ocrx_word' id='word_1_149' title='bbox 706 1343 813 1383; x_wconf 84' lang='lat' dir='ltr'><strong>vsum</strong></span> <span class='ocrx_word' id='word_1_150' title='bbox 847 1343 1064 1383; x_wconf 77' lang='lat' dir='ltr'><strong>vocandam</strong></span> <span class='ocrx_word' id='word_1_151' title='bbox 1097 1341 1173 1383; x_wconf 83' lang='lat' dir='ltr'><strong>effe</strong></span> <span class='ocrx_word' id='word_1_152' title='bbox 1202 1346 1449 1400; x_wconf 75' lang='lat' dir='ltr'><strong>putauerim3</strong></span> <span class='ocrx_word' id='word_1_153' title='bbox 1484 1358 1571 1399; x_wconf 89' lang='lat' dir='ltr'><strong>quo·</strong></span> <span class='ocrx_word' id='word_1_154' title='bbox 1592 1344 1697 1388; x_wconf 61' lang='lat' dir='ltr'><strong>{asto</strong></span> 
     </span>
     <span class='ocr_line' id='line_1_20' title="bbox 387 1405 1694 1461; baseline 0.004 -15"><span class='ocrx_word' id='word_1_155' title='bbox 387 1419 526 1448; x_wconf 79' lang='lat' dir='ltr'><strong>vereor</strong></span> <span class='ocrx_word' id='word_1_156' title='bbox 542 1440 553 1459; x_wconf 88' lang='lat'>‚</span> <span class='ocrx_word' id='word_1_157' title='bbox 587 1419 666 1459; x_wconf 91' lang='lat' dir='ltr'><strong>ne,</strong></span> <span class='ocrx_word' id='word_1_158' title='bbox 699 1407 764 1460; x_wconf 85' lang='lat' dir='ltr'><strong>qui</strong></span> <span class='ocrx_word' id='word_1_159' title='bbox 798 1419 820 1446; x_wconf 89' lang='lat' dir='ltr'><strong>a</strong></span> <span class='ocrx_word' id='word_1_160' title='bbox 853 1405 1083 1447; x_wconf 87' lang='lat' dir='ltr'><strong>Mauricello</strong></span> <span class='ocrx_word' id='word_1_161' title='bbox 1115 1405 1337 1448; x_wconf 72' lang='lat' dir='ltr'><strong>dissentiunt</strong></span> <span class='ocrx_word' id='word_1_162' title='bbox 1355 1440 1366 1461; x_wconf 93' lang='lat'>,</span> <span class='ocrx_word' id='word_1_163' title='bbox 1399 1409 1597 1450; x_wconf 79' lang='lat' dir='ltr'><strong>cauffasua</strong></span> <span class='ocrx_word' id='word_1_164' title='bbox 1631 1422 1694 1452; x_wconf 85' lang='lat' dir='ltr'><strong>ca-</strong></span> 
     </span>
     <span class='ocr_line' id='line_1_21' title="bbox 386 1466 1701 1524; baseline 0.002 -13"><span class='ocrx_word' id='word_1_165' title='bbox 386 1466 520 1523; x_wconf 73' lang='lat' dir='ltr'><strong>dant„</strong></span> <span class='ocrx_word' id='word_1_166' title='bbox 540 1470 728 1523; x_wconf 82' lang='lat' dir='ltr'><strong>imprimis</strong></span> <span class='ocrx_word' id='word_1_167' title='bbox 760 1482 858 1509; x_wconf 87' lang='lat' dir='ltr'><strong>vero</strong></span> <span class='ocrx_word' id='word_1_168' title='bbox 888 1469 943 1510; x_wconf 83' lang='lat' dir='ltr'><strong>illi</strong></span> <span class='ocrx_word' id='word_1_169' title='bbox 964 1501 977 1521; x_wconf 86' lang='lat'>,</span> <span class='ocrx_word' id='word_1_170' title='bbox 1010 1470 1085 1523; x_wconf 39' lang='lat' dir='ltr'><strong>qui*</strong></span> <span class='ocrx_word' id='word_1_171' title='bbox 1108 1484 1179 1524; x_wconf 89' lang='lat' dir='ltr'><strong>per</strong></span> <span class='ocrx_word' id='word_1_172' title='bbox 1210 1470 1409 1513; x_wconf 80' lang='lat' dir='ltr'><strong>dilatatum</strong></span> <span class='ocrx_word' id='word_1_173' title='bbox 1442 1482 1701 1514; x_wconf 79' lang='lat' dir='ltr'><strong>vterumnon·</strong></span> 
     </span>
     <span class='ocr_line' id='line_1_22' title="bbox 385 1532 1694 1585; baseline 0.002 -11"><span class='ocrx_word' id='word_1_174' title='bbox 385 1533 509 1574; x_wconf 85' lang='lat' dir='ltr'><strong>solum</strong></span> <span class='ocrx_word' id='word_1_175' title='bbox 544 1534 733 1573; x_wconf 89' lang='lat' dir='ltr'><strong>maiorem</strong></span> <span class='ocrx_word' id='word_1_176' title='bbox 765 1532 1006 1572; x_wconf 84' lang='lat' dir='ltr'><strong>latitudinem</strong></span> <span class='ocrx_word' id='word_1_177' title='bbox 1038 1535 1226 1585; x_wconf 85' lang='lat' dir='ltr'><strong>parietum</strong></span> <span class='ocrx_word' id='word_1_178' title='bbox 1260 1536 1358 1574; x_wconf 79' lang='lat' dir='ltr'><strong>vteri</strong></span> <span class='ocrx_word' id='word_1_179' title='bbox 1391 1536 1694 1577; x_wconf 28' lang='lat' dir='ltr'><strong>initransuersum</strong></span> 
     </span>
     <span class='ocr_line' id='line_1_23' title="bbox 386 1593 1699 1650; baseline 0.002 -13"><span class='ocrx_word' id='word_1_180' title='bbox 386 1597 480 1637; x_wconf 69' lang='lat' dir='ltr'><strong>seeh</strong></span> <span class='ocrx_word' id='word_1_181' title='bbox 512 1595 729 1649; x_wconf 84' lang='lat' dir='ltr'><strong>intelligunt</strong></span> <span class='ocrx_word' id='word_1_182' title='bbox 747 1627 758 1647; x_wconf 89' lang='lat'>‚</span> <span class='ocrx_word' id='word_1_183' title='bbox 793 1593 855 1635; x_wconf 87' lang='lat' dir='ltr'><strong>sed</strong></span> <span class='ocrx_word' id='word_1_184' title='bbox 885 1595 1001 1634; x_wconf 90' lang='lat' dir='ltr'><strong>etiam</strong></span> <span class='ocrx_word' id='word_1_185' title='bbox 1036 1607 1110 1647; x_wconf 85' lang='lat' dir='ltr'><strong>per</strong></span> <span class='ocrx_word' id='word_1_186' title='bbox 1139 1597 1328 1636; x_wconf 91' lang='lat' dir='ltr'><strong>maiorem</strong></span> <span class='ocrx_word' id='word_1_187' title='bbox 1347 1597 1546 1639; x_wconf 84' lang='lat' dir='ltr'><strong>crassitiem</strong></span> <span class='ocrx_word' id='word_1_188' title='bbox 1573 1629 1584 1650; x_wconf 91' lang='lat'>,</span> <span class='ocrx_word' id='word_1_189' title='bbox 1619 1611 1699 1639; x_wconf 72' lang='lat' dir='ltr'><strong>vo-</strong></span> 
     </span>
     <span class='ocr_line' id='line_1_24' title="bbox 386 1657 1706 1712; baseline -0.001 -12"><span class='ocrx_word' id='word_1_190' title='bbox 386 1659 521 1701; x_wconf 82' lang='lat' dir='ltr'><strong>cabulo</strong></span> <span class='ocrx_word' id='word_1_191' title='bbox 554 1657 632 1699; x_wconf 89' lang='lat' dir='ltr'><strong>hoc</strong></span> <span class='ocrx_word' id='word_1_192' title='bbox 659 1657 926 1712; x_wconf 82' lang='lat' dir='ltr'><strong>amphibolice</strong></span> <span class='ocrx_word' id='word_1_193' title='bbox 958 1658 1083 1698; x_wconf 90' lang='lat' dir='ltr'><strong>sumto</strong></span> <span class='ocrx_word' id='word_1_194' title='bbox 1101 1691 1111 1711; x_wconf 86' lang='lat'>‚</span> <span class='ocrx_word' id='word_1_195' title='bbox 1145 1659 1351 1700; x_wconf 67' lang='lat' dir='ltr'><strong>adauctam</strong></span> <span class='ocrx_word' id='word_1_196' title='bbox 1376 1661 1597 1703; x_wconf 81' lang='lat' dir='ltr'><strong>densitatem</strong></span> <span class='ocrx_word' id='word_1_197' title='bbox 1616 1660 1706 1703; x_wconf 20' lang='lat' dir='ltr'><strong>effe*</strong></span> 
     </span>
     <span class='ocr_line' id='line_1_25' title="bbox 388 1720 1706 1780; baseline 0 -17"><span class='ocrx_word' id='word_1_198' title='bbox 388 1723 529 1764; x_wconf 82' lang='lat' dir='ltr'><strong>volunt</strong></span> <span class='ocrx_word' id='word_1_199' title='bbox 544 1754 554 1774; x_wconf 89' lang='lat'>,</span> <span class='ocrx_word' id='word_1_200' title='bbox 597 1721 716 1776; x_wconf 73' lang='lat' dir='ltr'><strong>qualis</strong></span> <span class='ocrx_word' id='word_1_201' title='bbox 754 1720 875 1765; x_wconf 87' lang='lat' dir='ltr'><strong>Grafii</strong></span> <span class='ocrx_word' id='word_1_202' title='bbox 920 1720 1113 1761; x_wconf 86' lang='lat' dir='ltr'><strong>sententia.</strong></span> <span class='ocrx_word' id='word_1_203' title='bbox 1141 1722 1293 1774; x_wconf 80' lang='lat' dir='ltr'><strong>videtur</strong></span> <span class='ocrx_word' id='word_1_204' title='bbox 1338 1722 1424 1763; x_wconf 83' lang='lat' dir='ltr'><strong>effe.</strong></span> <span class='ocrx_word' id='word_1_205' title='bbox 1506 1725 1706 1780; x_wconf 60' lang='lat' dir='ltr'><strong>Quamuis«,</strong></span> 
     </span>
     <span class='ocr_line' id='line_1_26' title="bbox 390 1785 1695 1841; baseline 0.001 -13"><span class='ocrx_word' id='word_1_206' title='bbox 390 1788 495 1828; x_wconf 88' lang='lat' dir='ltr'><strong>enim</strong></span> <span class='ocrx_word' id='word_1_207' title='bbox 528 1797 609 1825; x_wconf 90' lang='lat' dir='ltr'><strong>non</strong></span> <span class='ocrx_word' id='word_1_208' title='bbox 641 1785 854 1838; x_wconf 85' lang='lat' dir='ltr'><strong>negandum</strong></span> <span class='ocrx_word' id='word_1_209' title='bbox 886 1785 931 1826; x_wconf 79' lang='lat' dir='ltr'><strong>sit</strong></span> <span class='ocrx_word' id='word_1_210' title='bbox 949 1817 962 1837; x_wconf 73' lang='lat'>,</span> <span class='ocrx_word' id='word_1_211' title='bbox 994 1793 1033 1824; x_wconf 90' lang='lat' dir='ltr'><strong>et</strong></span> <span class='ocrx_word' id='word_1_212' title='bbox 1062 1785 1224 1825; x_wconf 85' lang='lat' dir='ltr'><strong>venosos</strong></span> <span class='ocrx_word' id='word_1_213' title='bbox 1255 1785 1393 1826; x_wconf 63' lang='lat' dir='ltr'><strong>duetus-</strong></span> <span class='ocrx_word' id='word_1_214' title='bbox 1419 1788 1621 1841; x_wconf 82' lang='lat' dir='ltr'><strong>ampliari,</strong></span> <span class='ocrx_word' id='word_1_215' title='bbox 1655 1797 1695 1830; x_wconf 90' lang='lat' dir='ltr'><strong>et</strong></span> 
     </span>
     <span class='ocr_line' id='line_1_27' title="bbox 388 1847 1693 1904; baseline 0.002 -13"><span class='ocrx_word' id='word_1_216' title='bbox 388 1850 568 1892; x_wconf 85' lang='lat' dir='ltr'><strong>fibrarum</strong></span> <span class='ocrx_word' id='word_1_217' title='bbox 604 1848 713 1889; x_wconf 87' lang='lat' dir='ltr'><strong>strata</strong></span> <span class='ocrx_word' id='word_1_218' title='bbox 744 1849 942 1889; x_wconf 66' lang='lat' dir='ltr'><strong>interiecta</strong></span> <span class='ocrx_word' id='word_1_219' title='bbox 973 1847 1146 1900; x_wconf 83' lang='lat' dir='ltr'><strong>distingui</strong></span> <span class='ocrx_word' id='word_1_220' title='bbox 1176 1861 1219 1888; x_wconf 89' lang='lat' dir='ltr'><strong>ac</strong></span> <span class='ocrx_word' id='word_1_221' title='bbox 1251 1849 1290 1888; x_wconf 92' lang='lat' dir='ltr'><strong>in</strong></span> <span class='ocrx_word' id='word_1_222' title='bbox 1323 1850 1494 1902; x_wconf 86' lang='lat' dir='ltr'><strong>apricum</strong></span> <span class='ocrx_word' id='word_1_223' title='bbox 1533 1852 1693 1904; x_wconf 90' lang='lat' dir='ltr'><strong>produci</strong></span> 
     </span>
     <span class='ocr_line' id='line_1_28' title="bbox 387 1912 1693 1967; baseline 0.002 -13"><span class='ocrx_word' id='word_1_224' title='bbox 387 1923 501 1954; x_wconf 81' lang='lat' dir='ltr'><strong>vtero</strong></span> <span class='ocrx_word' id='word_1_225' title='bbox 532 1920 796 1965; x_wconf 76' lang='lat' dir='ltr'><strong>praegnante3</strong></span> <span class='ocrx_word' id='word_1_226' title='bbox 833 1925 922 1954; x_wconf 88' lang='lat' dir='ltr'><strong>cum</strong></span> <span class='ocrx_word' id='word_1_227' title='bbox 963 1912 1064 1951; x_wconf 86' lang='lat' dir='ltr'><strong>vteri</strong></span> <span class='ocrx_word' id='word_1_228' title='bbox 1103 1912 1264 1964; x_wconf 64' lang='lat' dir='ltr'><strong>virginei</strong></span> <span class='ocrx_word' id='word_1_229' title='bbox 1306 1912 1415 1952; x_wconf 84' lang='lat' dir='ltr'><strong>densa</strong></span> <span class='ocrx_word' id='word_1_230' title='bbox 1436 1945 1447 1965; x_wconf 93' lang='lat'>,</span> <span class='ocrx_word' id='word_1_231' title='bbox 1485 1915 1693 1967; x_wconf 60' lang='lat' dir='ltr'><strong>compacta</strong></span> 
     </span>
     <span class='ocr_line' id='line_1_29' title="bbox 387 1974 1692 2030; baseline 0.002 -14"><span class='ocrx_word' id='word_1_232' title='bbox 387 1985 426 2016; x_wconf 79' lang='lat' dir='ltr'><strong>et</strong></span> <span class='ocrx_word' id='word_1_233' title='bbox 456 1989 525 2017; x_wconf 91' lang='lat' dir='ltr'><strong>ceu</strong></span> <span class='ocrx_word' id='word_1_234' title='bbox 557 1976 597 2015; x_wconf 89' lang='lat' dir='ltr'><strong>in</strong></span> <span class='ocrx_word' id='word_1_235' title='bbox 627 1976 720 2016; x_wconf 90' lang='lat' dir='ltr'><strong>rude</strong></span> <span class='ocrx_word' id='word_1_236' title='bbox 745 1976 898 2017; x_wconf 77' lang='lat' dir='ltr'><strong>&#39;corium</strong></span> <span class='ocrx_word' id='word_1_237' title='bbox 930 1974 1132 2028; x_wconf 55' lang='lat' dir='ltr'><strong>compacta</strong></span> <span class='ocrx_word' id='word_1_238' title='bbox 1163 1974 1356 2015; x_wconf 81' lang='lat' dir='ltr'><strong>substantia</strong></span> <span class='ocrx_word' id='word_1_239' title='bbox 1388 1987 1593 2030; x_wconf 81' lang='lat' dir='ltr'><strong>appareat:</strong></span> <span class='ocrx_word' id='word_1_240' title='bbox 1628 1978 1692 2019; x_wconf 84' lang='lat' dir='ltr'><strong>ista</strong></span> 
     </span>
     <span class='ocr_line' id='line_1_30' title="bbox 388 2037 1702 2095; baseline 0.002 -14"><span class='ocrx_word' id='word_1_241' title='bbox 388 2039 563 2081; x_wconf 70' lang='lat' dir='ltr'><strong>euolutio</strong></span> <span class='ocrx_word' id='word_1_242' title='bbox 593 2048 735 2081; x_wconf 83' lang='lat' dir='ltr'><strong>tamen.</strong></span> <span class='ocrx_word' id='word_1_243' title='bbox 759 2048 798 2080; x_wconf 85' lang='lat' dir='ltr'><strong>et</strong></span> <span class='ocrx_word' id='word_1_244' title='bbox 830 2038 1028 2095; x_wconf 78' lang='lat' dir='ltr'><strong>ampliatio</strong></span> <span class='ocrx_word' id='word_1_245' title='bbox 1062 2050 1111 2078; x_wconf 89' lang='lat' dir='ltr'><strong>eo</strong></span> <span class='ocrx_word' id='word_1_246' title='bbox 1141 2038 1222 2091; x_wconf 83' lang='lat' dir='ltr'><strong>ipso</strong></span> <span class='ocrx_word' id='word_1_247' title='bbox 1254 2050 1345 2079; x_wconf 85' lang='lat' dir='ltr'><strong>non</strong></span> <span class='ocrx_word' id='word_1_248' title='bbox 1367 2037 1491 2082; x_wconf 84' lang='lat' dir='ltr'><strong>solum</strong></span> <span class='ocrx_word' id='word_1_249' title='bbox 1507 2041 1702 2084; x_wconf 45' lang='lat' dir='ltr'><strong>maiorem„</strong></span> 
     </span>
    </p>

    <p class='ocr_par' dir='ltr' id='par_1_3' title="bbox 1598 2116 1694 2148">
     <span class='ocr_line' id='line_1_31' title="bbox 1598 2116 1694 2148; baseline -0.021 0"><span class='ocrx_word' id='word_1_250' title='bbox 1598 2116 1694 2148; x_wconf 66' lang='lat' dir='ltr'><strong>mrb-</strong></span> 
     </span>
    </p>
   </div>
  </div>
 </body>
</html>
