1820 2506
345 165 809 214 OBSERVATIONES
841 163 1105 210 ANATOM
1105 166 1127 208 I
1129 165 1165 209 C
1169 164 1248 208 ΑΕ
1367 178 1390 215 3
1399 179 1420 217 5
1429 183 1462 218 9

138 284 212 327 basi
244 287 361 328 cranii
393 288 505 329 fimili
539 287 732 340 humore,
766 287 827 329 sed
858 287 979 341 magis
1012 287 1134 328 diluto
1184 286 1335 342 grauida
1353 319 1364 338 ,
1407 287 1459 327 ob

135 349 293 403 spatium
329 354 516 406 amplius,
551 365 631 392 non
665 361 745 392 tam
789 353 867 392 cito
908 352 1129 394 exficcanda
1191 361 1230 392 et
1281 351 1459 392 induran-

137 414 196 454 da.
240 414 448 469 Denique,
483 429 531 457 an
575 416 720 458 humor
750 415 890 457 serosus
921 428 1001 456 non
1034 416 1225 471 depositus
1255 415 1350 467 filit,
1387 427 1459 470 per

133 478 270 520 Vltima
320 479 405 520 vasa
463 480 682 522 exhalantia
719 514 730 534 ,
790 481 956 522 dilatatis
1010 492 1175 521 eorum.
1201 479 1357 521 orificiis
1410 479 1457 522 ab

135 544 249 584 audio
270 544 430 597 impulsu
449 545 578 586 eadem
599 548 810 599 quantitate
829 544 1026 599 fimguinis,
1046 546 1196 600 impetu
1215 558 1267 585 ex
1284 543 1454 584 resisten-

133 607 184 647 tia
218 603 263 647 in'
291 608 488 649 obstrustis
518 618 557 648 et
589 610 776 650 concretis
808 609 967 650 vasculis
998 609 1155 650 interim
1188 606 1337 649 aucto?
1370 608 1455 649 Tu-

132 669 283 712 bercula
315 681 443 713 autem
477 671 614 712 hordei
647 673 834 714 fimillima
852 706 862 726 ,
896 674 938 713 in
971 673 1099 714 ablato
1132 674 1264 714 cranio
1302 672 1456 727 conspi-

131 746 204 775 cua
233 737 414 776 videntur
444 736 634 778 obstructa
669 751 690 778 a
723 738 849 778 tenaci
883 737 1001 779 toties
1032 747 1255 780 memorato
1289 737 1460 781 humore

132 798 277 854 vascula
295 834 306 855 ,
339 813 458 856 aeque
487 814 530 843 ac
572 803 614 843 in
652 802 747 843 dura
786 810 926 843 matre.

598 900 825 941 ObseruatIO
858 898 982 940 tertia.

245 960 457 1005 Cerebrum
496 963 623 1019 ipsum
664 964 886 1004 obnoxium
936 960 1012 1002 effe
1052 960 1422 1005 inflammationibus
1440 996 1459 1018 v

125 1025 210 1069 {iltis
244 1027 424 1083 superque
462 1029 604 1071 docent
637 1028 805 1069 eiusdem
839 1026 971 1068 morbi
1004 1027 1116 1067 acuti.
1185 1027 1350 1070 Exitum
1385 1042 1454 1070 au-

122 1101 208 1132 tem
252 1094 568 1134 inflammationis
600 1093 640 1132 in
672 1092 983 1145 suppurationem
1016 1100 1056 1130 et
1088 1104 1345 1146 gangr-aenam
1381 1093 1455 1134 ibi-

122 1156 213 1196 dem
233 1189 243 1209 ,
287 1158 511 1210 nuperrime
549 1156 664 1197 didici
704 1157 745 1195 in
778 1155 943 1195 homine
962 1187 974 1207 ‚
1014 1165 1176 1196 mortuo
1210 1157 1251 1196 in
1285 1157 1349 1197 via
1379 1170 1453 1211 pu-

124 1218 222 1260 blica
264 1220 424 1262 inuento
442 1253 454 1274 ‚
496 1222 537 1261 in
571 1232 649 1275 quo
683 1218 852 1260 thoracis
888 1219 1031 1259 viscera
1075 1228 1114 1259 et
1147 1221 1363 1261 abdominis
1396 1222 1452 1261 ita

120 1285 206 1324 {ana
245 1282 394 1326 fuerunt
414 1319 425 1338 ,
466 1294 512 1325 vt
546 1285 693 1325 nullum
726 1284 874 1338 signum
908 1283 1120 1324 subitaneae
1164 1286 1303 1326 mortis
1333 1284 1451 1326 exhi-

124 1346 267 1388 berent.
337 1349 583 1390 Ventriculus
622 1358 754 1389 autem
795 1349 898 1388 inter
947 1348 1090 1402 reliqua
1131 1349 1275 1402 ingesta.
1315 1349 1453 1402 spiritu

120 1411 204 1452 vini
238 1413 406 1468 repletus
427 1447 437 1466 ,
472 1413 642 1455 eiusdem
676 1413 838 1454 odorem
873 1412 1047 1466 spirabat.
1115 1413 1272 1467 Aperto
1305 1414 1451 1468 capite„

121 1476 338 1532 eleuat-aque
370 1477 485 1519 incisa
516 1479 606 1519 dura
639 1487 762 1518 matre
783 1510 794 1529 ,
820 1476 938 1517 'Iobus
970 1476 1117 1517 cerebri
1137 1478 1307 1518 anterior
1341 1490 1449 1518 vter-

117 1553 192 1594 que
242 1551 422 1583 extremo
467 1542 532 1582 suo
550 1575 562 1594 ,
603 1553 681 1596 quo
730 1541 838 1594 supra
889 1542 1059 1581 orbitam
1109 1542 1362 1594 exporrectus
1395 1543 1445 1584 ad

112 1602 311 1658 frontem,
345 1606 479 1647 cristae
512 1607 599 1661 galli
631 1605 738 1646 dic'to
771 1602 964 1659 processui
999 1604 1132 1646 medio
1165 1617 1220 1646 ex
1253 1605 1336 1646 osse
1370 1608 1445 1647 cri-

115 1669 226 1711 broso
280 1668 481 1725 assurgenti
501 1704 511 1723 ,
552 1684 572 1711 a
613 1669 731 1710 latere
781 1668 928 1709 adiacet
948 1702 960 1722 ‚
1013 1669 1069 1708 ita
1118 1680 1443 1724 computruerat,

115 1734 154 1774 in
200 1747 356 1775 mucum
398 1735 542 1775 flauum
595 1734 788 1775 foetidum
836 1732 950 1773 verso
990 1733 1136 1773 cortice
1155 1767 1169 1785 ‚
1210 1743 1259 1773 vt
1289 1734 1439 1776 vascula

114 1799 201 1853 piae
232 1799 365 1838 matris
400 1798 513 1839 libera
547 1798 586 1838 in
620 1797 693 1838 illo
723 1797 952 1838 fluctuarent
971 1830 983 1849 ,
1015 1809 1141 1850 neque
1171 1797 1369 1838 substantia
1402 1797 1443 1840 st>

118 1861 239 1915 ipstim
273 1862 496 1923 filstirieret3
530 1861 646 1902 ichor
685 1871 816 1902 autem
859 1860 1001 1901 foetens
1035 1860 1145 1915 supra
1188 1862 1320 1903 duram
1355 1876 1443 1904 ma-

118 1935 248 1977 trem,
290 1939 333 1967 os
374 1936 568 1980 tegentem
596 1959 608 1978 ,
650 1925 782 1965 effusus
831 1935 941 1977 erat,
982 1926 1045 1965 cui
1086 1926 1201 1966 vnica
1242 1937 1283 1967 et
1320 1927 1442 1970 alterae

117 1991 259 2044 guttula
291 1991 417 2043 puriS,
451 2003 531 2031 non
564 1989 668 2030 male
703 1990 804 2029 coffi
825 2021 836 2039 ,
881 1989 1085 2029 innatabat.
1130 1988 1212 2030 Sub
1242 1990 1340 2031 Iobis
1373 2005 1442 2033 au-

118 2064 199 2095 tem
251 2054 405 2094 cerebri
430 2054 702 2109 posterioribus
743 2054 901 2094 eleuatis-
925 2086 935 2104 ,
979 2053 1282 2106 conspiciebatur
1332 2054 1443 2109 supra,

117 2119 262 2164 teufirm
296 2118 430 2161 duram
460 2128 623 2161 matrem
641 2151 652 2172 ‚
686 2131 783 2173 quae
814 2117 1016 2158 cerebrum
1046 2131 1067 2159 a
1091 2118 1284 2160 cerebello
1303 2119 1438 2161 distin..

1342 2186 1443 2240 guit,
