1820 2506
297 193 639 241 OBSERVATio
682 191 937 238 ECLIPSIS
967 188 1199 235 sommis
1334 179 1422 245 483

114 315 452 369 repraesentantem
507 312 573 368 (si
617 313 771 367 quidem
814 311 879 352 iste
913 323 1048 352 omnes
1097 310 1203 352 Iouis
1243 307 1427 352 Satellites

113 379 230 419 nitide
261 378 417 419 exhibet
437 376 472 434 )‚
507 379 570 432 qui
603 390 694 430 prae
725 377 857 416 ceteris
890 385 998 428 aptus
1029 375 1076 417 ad
1110 374 1191 415 hoc
1223 375 1424 428 negotium

113 442 347 482 iudicabatur
364 474 374 494 ,
416 455 505 482 cum
540 454 610 494 per
641 439 815 480 fenestras
856 438 1046 479 conclauis
1079 439 1124 478 ad
1142 437 1275 479 Solem
1308 438 1428 479 altum

115 507 329 546 commode
368 505 478 559 dirigi
519 504 675 558 posset,
711 513 902 557 praeterea
936 515 1033 542 vero
1065 515 1248 557 campum
1283 514 1428 555 reprae-

116 569 332 609 sentationis
372 580 412 616 13
446 569 577 621 gradus
610 568 684 607 fere
717 567 869 609 sisteret.
934 565 1142 619 Impositus
1176 575 1254 606 erat
1287 566 1354 606 iste
1372 575 1434 606 tu·-

115 631 183 673 bus
215 632 412 673 machinae
444 631 706 684 parallaisticae
737 641 847 685 atque
879 630 1041 670 reticulo
1073 629 1269 670 instruetus
1286 661 1297 680 ,
1331 629 1435 683 quod

116 705 277 750 quatuor
293 695 357 736 fila
375 705 548 748 argentea
564 695 775 736 tenuissima
801 694 847 734 ad
865 692 1024 746 angulos
1049 693 1268 734 semireetos
1292 692 1328 734 se
1347 705 1432 734 mua

115 768 182 802 tuo
200 760 356 799 secantia
373 760 480 812 gerit.
514 759 774 800 instrumento
790 758 838 798 sic
857 757 1004 808 statum,
1038 767 1083 797 vt
1106 757 1243 797 limbus
1258 755 1356 797 Solis
1373 756 1438 798 vel

113 822 345 876 superiorve]
367 823 523 862 inferior
541 855 552 875 ,
586 835 659 876 pro
680 823 903 863 conditione
930 820 1049 873 phasis
1071 853 1082 871 ‚
1118 820 1229 861 filum
1264 820 1438 874 aliquod,

112 887 290 927 diurnum
323 885 511 926 exhibens
533 918 543 938 ‚
578 886 727 927 raderet
744 918 755 937 ,
790 895 1013 925 numerante
1047 885 1151 924 socio
1176 883 1335 924 secunda
1364 883 1436 923 hc·

114 950 252 1002 rologii
273 983 283 1002 ,
326 950 456 990 notaui
497 949 668 1003 appulsus
703 948 814 988 limbi
848 945 950 987 Solis
984 946 1047 986 vel
1080 947 1339 1001 praecedentis
1372 946 1440 988 vel

113 1012 296 1067 sequentis
315 1044 326 1064 ,
361 1025 433 1066 pro
467 1013 689 1053 conditione
721 1010 1012 1060 obscurationis,
1047 1024 1116 1051 nec
1145 1023 1225 1051 non
1245 1022 1435 1051 cornuum

115 1075 237 1130 phasis
270 1086 382 1129 atque
416 1075 527 1114 limbi
563 1074 696 1114 Lunae
728 1075 768 1112 in
800 1072 902 1113 disco
935 1071 1034 1112 Solis
1066 1074 1279 1126 conspicui,
1313 1074 1359 1114 ad
1391 1073 1439 1114 fi-

112 1139 194 1180 lum
245 1139 440 1179 horarium
487 1138 626 1179 diurno
667 1136 887 1178 normaliter
928 1136 1126 1191 insisten53
1170 1145 1354 1191 quantum
1399 1137 1439 1177 id

115 1201 216 1243 coeli
246 1202 356 1243 facies
387 1202 568 1254 permisit.

234 1277 274 1314 3.
313 1266 431 1307 Mora
473 1265 557 1305 disci
592 1261 731 1306 Solaris
761 1277 830 1318 per
874 1262 984 1305 filum
1018 1263 1216 1307 horarium
1238 1298 1248 1317 ‚
1285 1277 1338 1306 ex
1371 1265 1442 1306 ob-

115 1328 383 1371 seruationibus
434 1329 595 1382 copiosis
614 1361 625 1381 ‚
675 1328 804 1368 diebus
848 1341 900 1379 23
954 1341 1012 1378 24
1057 1340 1109 1378 25
1149 1329 1238 1371 Iulii
1273 1329 1409 1370 habitis
1429 1363 1439 1382 ‚

114 1402 156 1432 et
199 1394 296 1434 bene
338 1394 438 1433 inter
479 1392 514 1432 se
557 1392 871 1433 consentientibus
889 1425 899 1444 ,
943 1392 1176 1446 deprehensa
1219 1393 1270 1434 est
1304 1407 1354 1433 z
1397 1394 1441 1431 2‘

147 1452 182 1478 st

122 1500 195 1539 14}
231 1487 416 1541 temporis
433 1484 598 1541 Solaris·‚
632 1488 736 1528 vnde
769 1487 953 1528 diameter
984 1485 1082 1528 Solis
1115 1502 1169 1529 :z
1207 1489 1284 1536 :33²
1314 1488 1412 1538 42²²
1430 1520 1442 1540 ,

117 1552 158 1591 in
192 1551 353 1604 partibus
384 1551 522 1592 diurni.
589 1551 664 1592 Pro
697 1551 945 1592 conuersione
980 1551 1133 1594 istarum
1164 1553 1202 1592 in
1225 1563 1351 1606 partes
1370 1553 1443 1592 cir-

117 1614 193 1654 culi
233 1615 427 1666 maximi,
468 1615 495 1655 fi
537 1615 703 1655 sumatur
735 1613 835 1654 Solis
876 1615 1083 1654 declinatio
1129 1629 1180 1656 :-
1224 1623 1295 1664 190
1334 1617 1411 1662 35²
1429 1647 1441 1667 ‚

119 1689 171 1717 ex
204 1679 374 1731 analogia
418 1677 487 1718 fin.
523 1688 594 1718 tot.
620 1694 627 1717 z
651 1677 724 1718 cos.
770 1684 841 1725 190
879 1678 1024 1724 ss:
1052 1680 1129 1725 33²
1164 1680 1290 1728 42²².
1328 1691 1443 1730 quae-

118 1740 232 1781 fitum
251 1773 262 1790 ,
296 1742 484 1796 inuenitur
514 1742 704 1782 diameter
734 1739 836 1782 Solis
876 1740 915 1780 in
950 1742 1120 1795 partibus
1153 1742 1283 1782 circuli
1316 1742 1443 1782 maxi-

122 1804 178 1843 mi
210 1817 263 1843 :t
304 1806 378 1851 31‘
411 1804 519 1853 45²².

239 1882 281 1917 4.
318 1867 364 1907 In
398 1867 571 1920 phasibus
603 1868 898 1910 decrescentibus
929 1871 989 1911 seu
1023 1879 1111 1911 ante
1140 1870 1443 1910 obscurationem
1471 1880 1532 1919 rig.
1568 1890 1596 1912 a,

125 1930 339 1970 maximam
359 1963 369 1983 ,
413 1944 464 1971 ex
508 1932 719 1985 appulsibus
760 1933 865 1973 limbi
899 1933 999 1974 Solis
1032 1935 1217 1988 sequentis
1249 1933 1275 1974 S
1296 1966 1306 1984 ,
1340 1934 1449 1974 limbi

127 1992 261 2033 Lunae
292 1993 325 2033 L
345 2026 355 2044 ,
395 2006 513 2035 cornu
548 1997 803 2048 praecedentis
834 1998 872 2037 A
894 2030 905 2049 ,
938 1998 1124 2050 sequentis
1164 1996 1224 2048 B,
1259 1997 1305 2037 ad
1339 1995 1449 2038 filim

126 2056 320 2097 horarium
354 2058 500 2099 reticuli
534 2058 590 2101 Ss
610 2093 620 2112 ,
655 2059 829 2113 acquisini
872 2062 910 2100 in
943 2062 1046 2101 recta
1079 2075 1161 2111 sa,
1194 2061 1238 2100 ad
1270 2059 1328 2101 Ss
1359 2074 1445 2100 nor-

128 2119 221 2161 mali
252 2130 291 2162 et
322 2118 431 2162 filum
466 2123 611 2165 reticuli
645 2124 822 2164 diurnvm
859 2125 1066 2166 exhibente
1084 2158 1095 2179 ‚
1128 2125 1242 2181 spatia
1274 2124 1343 2177 sb,
1377 2124 1453 2178 ab,

708 2188 872 2242 Pppz
1360 2187 1427 2239 M,
