1820 2506
136 198 177 242 A
194 186 470 244 PRINCIPIO
487 187 660 239 MOTV
662 193 692 237 S
703 190 963 239 INTERNO
991 189 1220 237 PROPEL.
1247 196 1326 245 &a
1352 209 1442 249 109

287 316 321 364 ᾧ.
342 319 383 354 6.
404 316 480 356 Hic
514 315 668 369 quidem
701 315 870 356 maxima
905 313 1227 369 philosophorum
1262 327 1358 368 pai‘S,
1378 315 1442 367 qui

135 379 324 421 Leinbizii
358 380 457 420 ideas
489 380 535 419 de
568 379 710 419 viribus
740 376 889 419 fortasse
922 379 1021 419 male
1047 380 1237 433 expositas
1286 377 1444 431 lequun-

136 453 197 484 tur
215 477 225 495 ,
270 443 440 497 viresque
481 444 587 483 viuas
620 444 779 484 mortuis
821 443 920 497 quasi
956 442 1135 482 iiifinities
1176 443 1340 483 maiores
1374 454 1428 495 pu

137 517 218 548 tant
236 541 246 559 ‚
290 505 494 547 affeuerare
535 521 615 547 non
656 507 878 547 dubitabunt
896 540 906 560 ‚
949 509 1039 560 quin
1073 508 1178 547 nauis
1211 506 1288 546 hoc
1322 506 1446 546 modo

139 570 350 611 notabilem
383 580 535 610 motum
577 571 622 610 sit
655 573 901 623 impetratura
920 604 930 622 ,
980 583 1102 624 neque
1137 570 1344 611 admodum
1378 582 1444 609 ne-

137 633 335 688 ceffai‘ium
367 634 552 686 putabunt
569 665 579 683 ,
616 643 661 672 vt
694 635 834 674 virium
867 634 1018 674 illarum
1057 647 1192 675 nauem
1225 644 1328 673 retro
1362 633 1446 686 pel-

138 698 300 738 lentium
333 697 431 736 ratio
464 696 643 737 habeatur
661 730 671 749 ,
705 710 796 737 cum
830 697 888 737 vis
922 697 1165 751 percussionis
1198 710 1335 738 nauem
1355 695 1449 752 pro{

139 761 286 816 pellens
333 760 419 813 ipsis
459 760 809 813 incomparabiliter
857 763 982 801 maior
1033 763 1216 802 videatur.
1285 761 1447 802 Interim

139 835 265 866 tamen
299 823 372 864 Vir
413 824 658 878 sagacissimus
698 824 861 865 Iacobus
900 824 1140 866 Bernoullius
1176 825 1299 878 *longe
1340 825 1449 865 aliter

140 888 400 941 existimauit3
452 898 563 942 atque
611 887 794 930 effeetum
835 889 880 928 ab
921 889 996 927 istis
1030 890 1172 928 viribus
1205 889 1369 928 mortuis
1402 900 1449 927 o-

139 953 317 993 riundum
360 951 515 992 studiose
554 953 790 1005 inuestigauit
809 985 819 1004 ,
853 964 1017 1006 eumque
1049 952 1094 991 ab
1128 951 1295 1003 effeetu,
1329 963 1449 1004 quem

139 1017 295 1070 quilibet
329 1016 426 1056 istus
465 1017 645 1069 producit
663 1050 673 1068 ,
707 1016 883 1056 subduxit
901 1049 911 1067 ,
955 1026 1000 1056 vt
1039 1028 1171 1056 veram
1215 1016 1319 1057 nauis
1354 1027 1446 1068 pro-

137 1081 353 1134 pulfioiiem
387 1080 662 1134 adipisceretur.
730 1080 884 1121 Inuenit
917 1089 1044 1120 autem
1080 1079 1227 1120 calculo
1245 1079 1449 1131 subdueto5

139 1145 238 1184 vires
279 1143 557 1197 percuffionum
605 1145 839 1197 aliquantum
875 1144 1090 1197 praeualere
1123 1143 1265 1183 viribus
1299 1143 1448 1196 pendu-

141 1207 222 1248 lum
272 1208 459 1247 continuo
506 1208 748 1247 'tendentibus
766 1241 776 1259 ,
828 1207 994 1261 hincque
1035 1208 1191 1247 demum
1233 1207 1418 1247 conclusit
1435 1240 1450 1260 ⁷

140 1283 279 1311 nauem
314 1283 391 1324 ope
441 1270 660 1311 huiusmodi
702 1271 860 1324 penduli
903 1270 1068 1323 propelli
1109 1271 1256 1310 debere.

291 1335 324 1382 §.
347 1347 387 1383 7.
426 1334 671 1390 Quamquam
712 1343 840 1374 autem
876 1335 958 1374 vim
977 1367 988 1385 ,
1022 1347 1094 1387 qua
1127 1335 1230 1373 nauis
1265 1347 1285 1374 a
1303 1335 1449 1388 pendu-

141 1398 170 1439 li
202 1398 493 1453 percussionibus
528 1398 781 1452 propellitur,
811 1410 891 1437 non
923 1397 1049 1437 multo
1084 1397 1273 1437 maiorem
1315 1399 1450 1451 depre-

142 1462 276 1503 hendit
316 1462 432 1502 altera
471 1463 513 1501 vi
554 1474 575 1501 a
618 1461 848 1501 tensionibus
888 1470 971 1501 orta
989 1493 999 1511 ,
1043 1470 1171 1501 tamen
1206 1462 1293 1501 naui
1327 1462 1373 1501 ab
1407 1474 1452 1501 ea

142 1539 223 1566 non
256 1526 491 1566 mediocrem
524 1534 676 1565 motum
713 1525 888 1577 imprimi
922 1525 1114 1564 existimat
1131 1558 1142 1577 ,
1185 1533 1229 1564 vt
1263 1525 1377 1565 etiam
1412 1536 1453 1564 a·-

144 1602 240 1643 quae
273 1589 496 1629 refistentiae
527 1589 674 1628 ratione
707 1588 833 1628 habita
852 1621 862 1640 ,
898 1589 1001 1628 nauis
1027 1601 1106 1629 non
1126 1589 1451 1629 contemnendam

145 1653 375 1694 celeritatem
417 1653 607 1706 acquirere
647 1650 783 1706 posset.
852 1652 1027 1693 Euoluto
1070 1654 1173 1693 enim
1214 1653 1295 1693 casu
1311 1686 1321 1705 ,
1373 1665 1451 1706 quo

147 1717 303 1771 penduli
342 1717 491 1770 pondus
532 1717 754 1757 centesimae
796 1718 911 1757 totius
942 1718 1046 1756 nauis
1080 1718 1179 1769 parti
1213 1716 1367 1771 aequale
1400 1716 1451 1756 as-

146 1781 325 1833 sumitur,
361 1780 514 1832 collegit
549 1793 684 1821 nauem
721 1780 871 1834 singulis
904 1780 1061 1820 minutis
1095 1781 1228 1834 primis
1269 1793 1340 1834 pei·
1371 1780 1452 1833 spa-

147 1845 246 1884 tium
285 1851 336 1886 82
358 1850 371 1890 ἑ
390 1843 532 1897 pedum
575 1845 740 1898 propelli
782 1845 918 1885 debere
936 1877 947 1895 ,
981 1845 1047 1884 vbi
1088 1846 1241 1898 quidem
1285 1845 1452 1884 diminu-

147 1909 262 1947 tionis
294 1908 515 1948 resistentiae
566 1908 612 1947 ab
631 1910 765 1948 idonea
804 1921 941 1961 prorae
983 1908 1101 1961 figura
1136 1908 1316 1948 oriundae
1366 1907 1453 1947 nul-

149 1971 227 2011 lam
278 1970 406 2012 habuit
453 1972 655 2012 rationem.
722 1971 1042 2011 Accommodato
1090 1981 1215 2012 autem
1259 1971 1336 2011 hoc
1370 1971 1454 2012 casu

151 2035 197 2074 ad
240 2047 376 2074 nauem
417 2035 611 2075 rostratam
630 2068 640 2087 ‚
685 2038 788 2076 cuius
832 2035 1076 2075 resistentiam
1117 2034 1281 2090 decuplo
1322 2035 1453 2076 mino-

150 2111 232 2139 rem
265 2095 414 2140 affumit
432 2132 443 2152 ‚
475 2099 704 2141 celeritatem
738 2099 807 2153 ipfi
841 2097 1061 2155 impressam
1110 2100 1209 2141 vltra
1261 2100 1346 2139 260
1382 2112 1454 2153 pe-

747 2164 786 2205 O
823 2173 846 2210 3
1387 2163 1458 2203 des
