1820 2506
726 147 758 208 2(
793 159 847 201 1⁷
880 151 911 205 )(

153 264 281 309 vmm‘a
327 263 512 308 mandata
555 269 594 307 et
632 263 754 307 edida
774 296 786 317 ‚
827 277 926 321 quae
965 278 993 308 a
1032 261 1208 323 Pratssde
1226 297 1237 319 ,
1278 265 1346 310 vel
1372 267 1413 326 fi
1443 271 1477 312 is

157 331 276 387 abstt,
307 343 357 373 ex
391 327 633 372 Cancellaria
664 330 868 370 mittentur.
933 331 1047 394 Quae
1064 337 1108 373 vt
1138 332 1478 387 commodiusliant,

155 396 373 450 adiungitur
404 395 618 438 Secretario
651 390 894 438 Tabularius.

783 503 855 541 19.

275 564 329 606 Et
359 562 521 604 diarium
550 565 590 601 et
620 565 933 604 commentationes
962 558 1266 607 Academicorum
1282 597 1294 616 ,
1328 565 1482 620 denique

157 629 279 670 omnia
297 662 308 682 ,
342 638 436 682 quae
466 637 516 666 ex
547 624 609 681 isto
641 632 742 667 coetu
775 629 814 669 in
845 626 959 669 lucem
984 629 1249 687 proferuntur,
1280 629 1396 671 latine
1414 635 1481 671 aut

156 692 284 744 rustice
310 685 421 739 scribi
454 690 616 744 debent3
647 689 792 744 gallica
823 698 946 733 autem
971 697 1235 746 germanicaue
1271 693 1395 751 lingua
1424 694 1480 736 ηἰ-

155 755 217 800 hu
242 758 438 812 quicquam
463 753 697 812 publicarum
729 767 855 799 rerum
889 757 1063 800 traditor.

782 864 855 894 20.

273 926 319 969 Si
352 937 428 980 qua
471 923 693 969 Academico
736 921 997 981 intercefferint
1035 926 1182 982 negotia
1210 939 1291 970 cum
1309 925 1402 983 fitro
1433 936 1479 967 a-

154 989 246 1033 lieno
268 1022 279 1042 ,
321 991 366 1032 de
407 991 482 1047 istis
523 992 787 1031 communicare
825 991 933 1033 debet
973 1004 1053 1034 cum
1086 991 1260 1050 Praefide
1279 1025 1290 1045 ,
1322 997 1388 1032 aut
1420 988 1482 1033 tlh

156 1052 301 1111 absente
341 1068 421 1096 cum
461 1053 494 1095 C
496 1054 711 1096 ana-ellaria.
779 1055 912 1110 Neque
952 1059 1047 1099 enim
1067 1057 1193 1116 studia
1234 1054 1482 1100 Academico-

153 1131 235 1162 rum
240 1120 399 1178 strepitu
431 1121 596 1162 ciuitatis
629 1125 697 1161 aut
727 1119 882 1162 tumultu
900 1120 1044 1179 soretfi
1075 1122 1273 1176 dssurbari
1304 1121 1481 1164 conuenit.

778 1229 851 1258 21.

271 1287 460 1344 Principio
501 1289 675 1343 cuiusque
718 1292 808 1331 anni
840 1286 996 1345 Pracffes
1021 1298 1095 1347 per
1126 1287 1386 1334 Secretarium
1409 1296 1482 1346 pu-

155 1353 312 1395 blicabit
355 1353 547 1408 problema
563 1384 576 1405 ,
624 1353 726 1406 quod
769 1353 912 1394 erudito
960 1356 1042 1397 orbi
1070 1350 1282 1408 soluendum
1320 1355 1452 1397 tradet
1469 1387 1484 1408 ,

146 1418 329 1475 proposito
357 1418 525 1472 praemio
543 1448 555 1468 ,
588 1417 788 1471 quicunque
811 1416 1025 1473 feliciorem
1053 1426 1154 1473 prae
1194 1419 1330 1462 ceteris
1349 1414 1481 1473 soluti-

153 1495 257 1524 onem
308 1481 406 1524 illius
456 1482 663 1536 argumenti
711 1479 942 1523 exhibuerit.
1026 1479 1312 1527 Tractabuntur
1359 1490 1482 1527 autem

155 1547 223 1606 {sta
260 1546 423 1604 exemplo
454 1553 493 1589 et
527 1556 627 1589 more
656 1543 818 1588 aliarum
850 1548 1160 1592 Academiarum.

779 1655 853 1687 22.

275 1716 639 1766 commentationes,
674 1721 713 1756 et
742 1728 836 1771 quae
868 1712 1015 1772 quisque
1045 1716 1353 1760 Academicorum
1363 1724 1482 1773 prae·

159 1778 267 1822 clara
316 1781 580 1832 excogitauerit
627 1779 707 1821 alia
724 1813 735 1833 ‚
768 1779 980 1823 Secretario
1038 1783 1265 1824 Academiae
1299 1784 1373 1839 ipse
1401 1780 1480 1836 fita

160 1857 269 1886 manu
312 1840 544 1898 adleruanda
586 1844 716 1886 tradet
737 1877 748 1893 ‚
777 1843 996 1901 lyngrapho
1035 1860 1084 1887 aa
1124 1859 1163 1886 eo
1206 1856 1368 1902 acesto.
1432 1851 1480 1891 Is

161 1908 289 1950 deinde
322 1909 479 1960 cauebit,
522 1921 565 1949 ne
606 1909 698 1962 quid
736 1908 863 1951 horum
898 1918 1036 1966 pereat
1055 1943 1066 1961 ‚
1100 1924 1189 1951 nesse
1222 1913 1479 1955 detrimentum

162 1974 304 2027 capiat.
374 1971 423 2012 Si
443 1984 538 2027 quae
560 1972 677 2030 jaCla
697 1969 787 2027 sunt
819 1978 1071 2030 experimenta
1105 1978 1141 2016 in
1172 1977 1323 2018 aedzbus
1345 1980 1478 2033 pritta-

160 2038 212 2081 tis
233 2068 244 2087 ,
306 2048 352 2078 ea
401 2037 535 2094 ussitui
592 2037 723 2080 debent
765 2040 897 2081 iterum
920 2071 932 2094 ‚
953 2036 1029 2097 sed
1059 2040 1205 2099 publice
1225 2073 1237 2094 ,
1257 2041 1327 2097 jed
1362 2053 1480 2099 prae-

793 2116 816 2145 c
1045 2110 1048 2115 '
1367 2106 1479 2164 sente
