1820 2506
377 206 465 247 216
878 198 1327 251 MEDITATIONES

370 325 486 366 dente
524 324 700 368 incedens
739 335 825 368 eam
872 325 1008 378 fricat3
1052 323 1252 377 ingruente
1296 337 1392 366 vero
1430 324 1688 380 frequentiore

368 389 514 431 ictuum
547 391 713 444 impetu,
744 388 870 430 frictio
891 389 993 429 iuter
1025 389 1230 442 exagitatas
1260 386 1400 430 ferreae
1430 387 1570 432 massae
1601 404 1688 445 par-

370 463 424 494 tes
469 453 748 508 multiplicatur
765 485 776 506 ,
819 462 946 494 motus
971 464 1046 507 que
1071 451 1283 505 gyratorius
1309 453 1574 506 particularum
1601 454 1688 495 fierri

370 517 487 573 vsque
533 519 630 560 adeo
676 516 846 558 increscit
865 551 876 571 ‚
929 526 975 557 vt
1015 516 1110 557 illud
1150 515 1352 570 aliquando
1390 517 1437 557 ad
1468 519 1688 560 rubedinem

371 581 544 636 ignescat.
614 580 711 625 Non
746 581 854 623 aliter
879 581 952 634 fit,
986 581 1139 635 quando
1174 580 1329 621 bacillus
1361 581 1573 635 quicunque
1605 595 1689 623 me-

153 646 301 678 Phaenom.
327 646 361 678 6.
372 646 531 699 tallicus,
548 658 627 686 non
648 646 812 687 elasticus
826 645 1054 701 praesertim,
1073 645 1280 698 reciprocis
1298 644 1572 686 inflexionibus
1588 646 1690 686 mul-

312 735 313 740 =
371 712 486 751 toties
509 712 741 751 incuruatur:
769 711 913 751 etenim
936 710 975 749 in
994 709 1111 749 latere
1143 710 1223 748 eius
1240 721 1423 749 connexo
1457 718 1580 763 partes
1597 708 1691 751 mas-

368 773 427 814 sae
459 775 662 815 secundum
704 775 933 815 directiones
966 773 1168 814 contrarias
1202 772 1456 814 distrahuntur
1473 806 1483 825 ‚
1518 774 1628 814 iuxta
1657 773 1692 814 st:

367 838 533 878 inuicem
564 838 818 893 superinceffu
849 839 1007 879 radente
1039 836 1220 891 serpunt,
1253 836 1435 879 fricantur
1452 870 1463 890 ,
1497 847 1693 891 gyratam,

366 911 407 942 et
439 913 637 944 curuatura
681 904 808 944 bacilli
837 902 1036 944 incalescit.

516 967 550 1015 ξ.
579 973 647 1008 18.
684 965 725 1007 Si
759 979 899 1020 corpus
930 966 1049 1018 magis
1090 965 1257 1007 calidum
1292 967 1332 1007 A
1367 966 1421 1007 est
1453 967 1493 1008 in
1513 967 1693 1009 contactu

369 1043 459 1071 cnm
493 1030 571 1071 alio
603 1043 772 1084 corpore
805 1029 840 1071 B
858 1063 869 1083 ,
912 1030 1014 1083 quod
1049 1029 1102 1070 est
1134 1031 1260 1070 minus
1300 1031 1493 1085 calidum,
1525 1032 1697 1086 particu-

152 1105 296 1136 Phaenom.
323 1111 357 1144 7.
371 1094 428 1134 lae
461 1095 632 1148 corporis
666 1095 706 1135 A
740 1096 780 1135 in
815 1093 993 1135 contactu
1035 1094 1258 1134 constitutae
1278 1126 1290 1147 ,
1324 1097 1507 1149 quoniam
1538 1096 1696 1136 celerius

368 1167 568 1210 gyrantur‚
603 1171 720 1211 quam
737 1157 942 1211 particulae
960 1158 1135 1210 corporis
1158 1156 1192 1196 B
1209 1157 1281 1197 illis
1299 1160 1500 1211 contiguae
1529 1158 1547 1214 (
1559 1160 1594 1207 §—
1612 1173 1629 1198 1
1641 1171 1662 1207 3
1682 1164 1694 1208 )

369 1220 555 1261 celeriore
603 1222 715 1275 igitur
772 1221 964 1262 rotatione
1011 1219 1220 1261 accelerant
1266 1229 1418 1261 motum
1460 1223 1697 1274 gyratoritun

368 1285 636 1340 particularum
673 1287 846 1339 corporis
881 1283 946 1337 B,
990 1284 1128 1324 scilicet
1172 1292 1321 1338 partem
1363 1295 1490 1325 motus
1530 1285 1581 1326 sui
1624 1286 1696 1327 illis

369 1351 693 1404 communicant3
737 1350 908 1403 adeoque
949 1358 1097 1389 tantum
1140 1347 1199 1388 his
1230 1348 1379 1389 decedit
1419 1358 1601 1403 quantum
1635 1363 1694 1390 ac-

369 1414 471 1454 cedit
504 1414 605 1454 illis:
643 1413 719 1454 hoc
756 1414 808 1454 est
840 1413 992 1466 quando
1027 1412 1232 1466 particulae
1266 1414 1442 1466 corporis
1477 1415 1515 1454 A
1541 1423 1694 1454 motum

368 1478 607 1531 gyratorium
643 1478 910 1532 particularum
946 1477 1119 1530 corporis
1150 1474 1185 1516 B
1218 1476 1460 1530 accelerant,
1496 1477 1600 1518 suum
1619 1488 1694 1518 tar-

368 1541 520 1581 diorem
553 1542 728 1582 reddunt.
796 1542 900 1581 Hinc
935 1539 1008 1592 fit,
1044 1549 1087 1579 vt
1120 1553 1259 1593 corpus
1291 1540 1331 1580 A
1364 1554 1437 1595 per
1470 1542 1694 1583 contactum

370 1604 587 1645 calefaciens
621 1617 759 1658 corpus
791 1603 826 1644 B
867 1606 985 1657 ipium
1019 1602 1270 1656 refrigeretur.

520 1669 554 1718 §
582 1682 650 1719 19.
702 1666 885 1709 Ceterum
929 1667 1132 1721 particulae
1163 1667 1337 1720 corporis
1369 1665 1405 1707 B
1435 1669 1474 1708 in
1499 1668 1692 1722 superficie

369 1732 569 1773 contactus
599 1742 729 1774 motae
761 1733 989 1784 contingunt
1023 1731 1107 1770 alias
1140 1731 1336 1784 particulas
1361 1732 1531 1773 eiusdem
1551 1746 1693 1787 corpo-

367 1797 416 1837 ris
450 1811 471 1837 a
504 1795 698 1850 superficie
731 1797 926 1837 contactus
958 1796 1180 1835 remotiores
1202 1823 1212 1843 ‚
1257 1807 1352 1848 quae
1393 1806 1503 1835 motu
1537 1795 1601 1837 suo
1624 1811 1692 1851 per

367 1869 543 1901 mutuam
574 1859 795 1902 frictionem
847 1872 937 1901 cum
977 1859 1223 1899 anterioribus
1263 1858 1472 1899 accelerato
1505 1861 1616 1901 etiam
1652 1874 1690 1901 a·

368 1924 433 1965 lias
464 1924 529 1965 fibi
563 1926 715 1967 vicinas-
739 1925 778 1965 in
795 1937 933 1978 gyrum
953 1933 1067 1976 agunt
1083 1956 1093 1975 ‚
1131 1932 1169 1963 et
1187 1923 1233 1963 fic
1252 1931 1379 1963 motus
1411 1923 1604 1965 intestinus
1620 1937 1692 1978 gy-

368 1989 527 2029 ratorius
559 2002 579 2029 a
612 1988 807 2042 superficie
839 1987 1035 2029 contactus
1066 1986 1180 2040 vsqne
1214 1987 1260 2026 ad
1290 1985 1529 2039 superficiem
1563 2001 1691 2042 oppo-

367 2050 476 2091 sitam
509 2053 706 2094 succeffiue
738 2061 984 2107 propagatur.
1054 2048 1202 2089 Contra
1235 2062 1335 2090 vero
1367 2052 1571 2104 particulae
1603 2064 1690 2092 cor·

368 2116 472 2170 poris
511 2115 550 2156 A
584 2116 623 2156 in
657 2116 776 2171 plano
810 2115 1006 2156 contaetus
1037 2113 1263 2156 constitutae
1313 2117 1498 2170 quoniam
1531 2117 1571 2157 in
1603 2129 1691 2158 mo-

1652 2189 1693 2221 tu
