1820 2506
334 176 357 203 1
369 176 387 202 1
397 176 438 202 2.
692 160 958 205 EXAMEN
975 157 1234 206 ARTIFIC'II
1262 161 1434 208 NAVIS

450 280 484 329 ς.
526 293 592 319 11.
629 281 876 322 Hancobrem
909 282 1022 329 aliam
1064 281 1169 320 viam
1199 279 1407 322 faciliorem
1425 282 1519 323 inire
1553 281 1631 323 stu-

334 343 435 383 debo
451 357 524 397 qua
557 343 711 385 effeetus
745 359 765 385 a
782 343 988 385 succeffiuis
1021 344 1129 383 huius
1162 344 1271 382 modi
1304 346 1457 397 penduli
1479 345 1628 400 percus-

334 405 499 448 sionibus
532 409 711 448 oriundus
753 421 833 447 non
875 409 1000 448 minus
1040 407 1214 447 distinete
1247 409 1421 459 cognosci
1454 421 1492 450 et
1532 410 1629 450 diiu-

333 470 451 510 dicari
484 482 605 526 queat.
670 471 816 512 Nauim
849 472 989 510 scilicet
1029 472 1066 510 in
1101 471 1191 511 loco
1224 470 1288 509 suo
1321 473 1470 523 penitus
1508 472 1630 513 fixam

333 536 626 588 contemplabor
643 566 653 586 ,
688 543 798 587 atque
816 534 1122 575 sollicitationum
1137 543 1492 575 momentanearum
1508 568 1519 586 ,
1551 537 1633 589 qui-

335 597 403 638 bus
437 600 540 639 nauis
572 599 728 638 durante
761 598 894 651 quouis
926 598 1081 651 penduli
1115 596 1283 638 descensu
1316 606 1355 636 et
1371 597 1514 638 ascensu
1532 608 1636 639 retro

334 661 490 714 pellitur
507 696 518 715 ‚
554 662 738 702 summam
771 661 1003 714 inuestigabo
1021 695 1031 714 ,
1065 661 1200 701 deinde
1229 660 1340 700 simili
1373 662 1520 703 ratione
1553 662 1636 702 vim

331 724 428 764 ictus
447 759 458 776 ,
494 739 566 779 qua
585 726 689 765 nauis
706 725 983 778 propelleretur
1001 758 1011 777 ,
1045 725 1197 765 fieorfim
1215 724 1433 778 exprimam
1452 758 1462 776 ,
1497 733 1542 765 vt
1558 724 1637 765 hoc

330 789 453 828 modo
486 798 564 829 tam
597 799 678 829 tota
710 789 769 829 vis
787 821 798 841 ‚
832 803 903 843 qua
922 790 1024 829 nauis
1056 802 1077 828 a
1094 789 1259 842 qualibet
1292 788 1449 841 penduli
1483 788 1637 829 actione

330 860 433 891 retro
475 852 684 905 impellitur
701 886 711 904 ,
752 865 865 905 quam
904 854 962 892 vis
1002 852 1220 906 propellens
1269 852 1485 892 innotescat.
1552 853 1637 893 Ab-

328 914 483 954 soluitur
515 925 642 955 autem
675 916 863 968 quaelibet
903 917 1060 968 penduli
1091 916 1193 955 actio
1226 915 1394 967 primum
1437 915 1636 968 descensu,

327 976 493 1018 secundo
527 979 605 1018 ie‘tu
623 1012 634 1030 ,
669 991 712 1018 ac
747 979 862 1018 tertio
895 979 1050 1019 ascensu.
1119 978 1265 1034 Quodsi
1299 991 1391 1031 ergo
1417 979 1559 1019 stimma
1577 981 1636 1020 vi—

329 1041 429 1081 rium
464 1041 689 1095 pellentium
739 1054 790 1082 ex
840 1043 1011 1082 descensu
1062 1051 1100 1082 et
1133 1041 1362 1094 fiibsequenti
1398 1043 1542 1082 ascensu
1572 1056 1639 1084 na-

332 1112 459 1144 tarum
509 1105 670 1158 aequalis
712 1104 824 1144 fuerit
866 1107 907 1145 vi
956 1106 1051 1145 ictus
1088 1106 1134 1145 ad
1166 1118 1305 1145 nauem
1347 1106 1638 1159 propellendam

334 1167 502 1207 directae
519 1200 529 1219 ,
564 1177 649 1207 tuto
682 1167 908 1209 concludere
948 1169 1158 1222 poterimus
1175 1201 1185 1220 ‚
1221 1168 1308 1206 naui
1328 1199 1339 1218 ,
1373 1168 1514 1209 etiamsi
1549 1166 1641 1209 esset

335 1229 452 1270 libera
470 1264 480 1282 ,
525 1231 673 1271 nullum
713 1242 866 1272 motum
907 1231 1180 1285 progreffiuum
1223 1230 1378 1282 induci,
1420 1231 1473 1272 fin
1514 1242 1640 1273 autem

336 1293 403 1333 vel
435 1295 493 1333 vis
526 1294 769 1347 percussionis
801 1295 864 1335 vel
887 1295 1030 1335 summa
1063 1295 1206 1334 virium
1224 1293 1499 1334 retrahentium
1532 1309 1641 1348 prae-

336 1356 464 1397 valeat
481 1390 492 1409 ,
527 1358 615 1397 naui
646 1359 787 1399 liberae
818 1372 970 1414 quoque
1004 1358 1069 1399 vel
1099 1368 1225 1399 motus
1260 1357 1468 1399 antrorsum
1500 1359 1565 1399 vel
1581 1373 1641 1400 re-

334 1421 496 1461 trorsum
530 1422 784 1474 imprimetur.

485 1485 520 1532 ξ.
547 1498 613 1523 12.
660 1483 761 1526 Cum
803 1486 915 1538 igitur
957 1487 1059 1527 nauis
1098 1488 1233 1541 quouis
1265 1485 1451 1527 descensus
1490 1486 1643 1540 penduli

336 1557 542 1588 momento
576 1551 738 1602 puppim
771 1549 895 1588 versus
925 1549 1174 1601 sollicitetur,
1209 1560 1404 1603 quaeratur
1444 1549 1552 1590 huius
1585 1551 1645 1591 vis

337 1611 562 1664 magnitudo
595 1626 666 1665 pro
698 1613 832 1666 quouis
863 1613 1016 1665 penduli
1047 1614 1116 1654 situ
1151 1613 1268 1664 AM,
1300 1626 1415 1666 eaque
1455 1626 1525 1666 per
1568 1615 1642 1654 ele-

336 1684 512 1715 mentum
546 1677 731 1730 temporis
764 1676 1049 1729 multiplicetur.
1117 1679 1221 1719 Haec
1240 1676 1432 1729 expressio
1466 1678 1641 1718 differen-

335 1738 431 1778 tialis
463 1738 640 1792 deinceps
674 1741 878 1793 integretur
896 1773 906 1792 ,
947 1755 1040 1794 quae
1073 1743 1119 1782 ad
1152 1751 1280 1782 totum
1322 1740 1529 1782 descensum
1577 1742 1641 1781 ad*

336 1811 463 1855 aptata
490 1803 681 1855 praebebit
722 1804 906 1844 summam
952 1807 1126 1846 omnium
1169 1806 1310 1845 virium
1341 1803 1611 1845 retrahentium
1631 1838 1642 1857 ‚

338 1865 520 1919 similique
560 1868 681 1907 modo
723 1867 813 1907 haec
846 1869 988 1907 virium
1024 1868 1167 1909 summa
1200 1881 1273 1921 pro
1303 1867 1443 1907 ascenfii
1476 1869 1642 1922 colliga-

341 1938 414 1968 tur.
483 1926 640 1970 Constat
673 1940 798 1971 autem
832 1932 859 1972 fi
893 1933 996 1972 nauis
1029 1933 1170 1973 actioni
1203 1932 1337 1972 harum
1379 1931 1519 1972 virium
1553 1933 1645 1973 libe·

344 2004 383 2031 re
415 1992 564 2045 obsequi
598 1993 751 2047 pofl'et⁷
787 2005 871 2036 tum
903 1996 948 2035 ab
983 1996 1026 2036 iis
1058 1997 1125 2050 ipsi
1158 2005 1312 2035 motum
1347 1995 1543 2036 inductum
1576 1997 1642 2048 iri,

344 2056 447 2097 cuius
490 2060 703 2112 quantitas,
744 2059 804 2100 seu
838 2059 1065 2114 productum
1107 2071 1158 2100 ex
1190 2057 1308 2100 maffa
1339 2060 1378 2100 in
1412 2060 1645 2101 celeritatem

1537 2136 1643 2177 geni-
