1820 2506
403 178 718 231 RARIORVM
749 178 1131 229 PLANTARVM.
1342 196 1431 238 ³77

264 298 399 359 Spicae
432 301 618 343 floriferae
635 333 647 354 ,
680 301 803 344 caules
831 310 872 343 et
901 313 1030 343 ramos
1061 300 1326 354 terminantes,
1348 302 1434 344 bre-

109 377 182 410 ¹ves
201 402 211 421 ,
258 382 282 409 e
320 367 468 422 spiculis
511 365 729 419 partialibus
747 399 758 419 ,
799 367 886 408 duas
920 374 965 405 ‹et
1005 374 1080 404 tres
1122 365 1238 405 lineas
1277 366 1402 419 longis
1421 399 1433 420 ,

113 431 228 472 tribus
261 441 323 472 aut
353 440 533 484 quatuor,
567 440 654 470 raro
687 429 855 484 pluribus
886 428 1042 470 corollis
1074 427 1245 471 seffilibus
1278 430 1434 484 onustis,

110 504 404 548 componuntur.

261 558 411 598 Foliola
443 556 592 609 singulis
612 556 756 610 spiculis
776 555 935 597 subieffli
954 588 965 607 ,
997 556 1147 597 alterno
1164 556 1231 597 situ
1249 567 1290 597 et
1307 557 1432 600 forma

116 621 285 662 -caulinis
302 621 432 662 similia
449 652 460 671 ,
494 619 619 659 seffilia
653 629 782 659 tamen
799 629 837 659 et
854 621 972 672 magis
992 630 1215 661 mucronata
1230 619 1330 660 sunt:
1374 623 1434 662 in-

112 685 244 725 {eriora
278 684 520 724 semiunciam
541 714 551 733 ,
590 682 733 722 summa
781 683 854 722 vix
888 683 1027 723 lineam
1068 683 1194 737 longa.
1261 683 1434 738 Vaginae

110 750 226 788 etiam
259 747 481 786 lbliolorum
515 759 535 785 a
566 745 720 785 caulinis
752 758 834 786 non
869 745 1047 788 differunt
1065 780 1077 800 ‚
1111 747 1180 788 nisi
1211 748 1315 802 quod
1352 757 1433 790 tota

72 817 76 821 ’
109 810 420 851 fereinrernodia
454 809 669 849 inuestiunt.

243 870 428 912 Coronae
460 872 566 912 albae
583 904 595 923 ,
629 872 956 926 quinquepartitae
975 906 986 924 ,
1027 872 1168 913 duabus
1203 872 1349 913 laciniis
1381 885 1434 914 ex

105 936 298 977 serim-ibus
329 936 579 986 breuioribus,
612 934 805 974 latioribus
823 967 834 987 ,
876 935 1053 974 concauis
1072 966 1083 985 ,
1117 935 1157 974 in
1176 935 1309 976 medio
1342 935 1435 975 dor·

105 998 146 1041 fo
178 999 388 1051 viridibus3
432 998 550 1038 tribus
582 996 822 1038 interioribus
855 996 1088 1052 longioribus
1105 1030 1118 1051 ‚
1159 997 1434 1052 angustioribus

105 1071 146 1103 et
178 1064 218 1103 in
253 1072 432 1103 extremo
465 1063 572 1113 saepe
604 1061 745 1100 laceris.

255 1126 285 1165 F
289 1126 468 1165 ilamenta
499 1122 566 1162 sex
585 1154 596 1174 ‚
629 1121 776 1163 corolla
804 1120 891 1179 fere
921 1122 1084 1165 dimidio
1117 1124 1292 1166 breuiora
1310 1158 1321 1178 ,
1353 1138 1431 1168 vna

105 1199 194 1228 cum
227 1187 391 1227 antheris
423 1185 519 1226 alba.

243 1248 416 1292 Germen
455 1249 697 1303 triquetrum.
764 1246 867 1302 Styli
913 1250 993 1293 duo
1030 1248 1272 1307 longitudine
1303 1251 1431 1294 stami-

105 1325 196 1356 num
231 1322 270 1353 et
301 1314 472 1367 stigmata
503 1314 665 1366 capitata
698 1314 871 1354 candida.

244 1377 354 1418 Folia
386 1377 480 1418 slCCa
517 1389 540 1415 e
572 1377 685 1417 viridi
718 1377 990 1418 coerulescunt.

254 1439 351 1481 Duo
385 1440 494 1480 huius
534 1440 756 1481 Persic-ariae
795 1442 980 1495 exempla
1021 1454 1044 1482 e
1075 1441 1279 1485 seminibus
1309 1457 1331 1485 a
1347 1445 1431 1487 Re-

104 1511 186 1544 ver.
230 1502 371 1546 Gaubil
401 1503 582 1555 superiori
615 1503 713 1543 Patr.
757 1503 862 1546 Gall.
895 1506 960 1556 qui
991 1505 1125 1544 Pekini
1162 1507 1266 1556 sunt,
1300 1518 1339 1547 et
1373 1509 1434 1547 A·

102 1566 308 1607 cademiaer
327 1562 576 1608 scientiarum
617 1564 931 1620 Pettopolitanae
963 1566 1176 1607 honorario
1219 1568 1429 1622 Membro,

103 1630 314 1671 transmissis
332 1663 343 1681 ,
392 1629 651 1683 produximus
669 1660 680 1680 ‚
736 1642 834 1682 quae
890 1629 1116 1671 floruerumt
1163 1630 1225 1672 sub
1274 1635 1429 1673 initium

104 1691 357 1746 Novembris,
391 1692 531 1734 eodem
546 1725 558 1745 ‚
592 1704 671 1747 quo
689 1691 763 1733 sata
787 1692 870 1734 sunt
888 1725 900 1745 ‚
933 1705 1037 1734 anno
1053 1726 1067 1747 ,
1101 1692 1265 1737 frudi-um
1300 1709 1429 1738 autem

105 1767 186 1796 non
217 1765 468 1796 muturarunt.

250 1817 366 1859 sinae
381 1830 435 1858 ex
450 1816 635 1858 relatione
659 1820 799 1861 laudati
816 1822 915 1864 Reu.
933 1818 1087 1863 Gaubil.
1109 1821 1178 1862 hac
1199 1824 1398 1864 Persicaria
1416 1857 1428 1877 ,

108 1880 156 1920 ad
187 1881 410 1922 coeruleum
452 1880 717 1935 pigmentum,
761 1885 879 1939 vulgo
918 1886 1050 1939 indigo
1087 1887 1235 1929 distum
1260 1921 1270 1940 ‚
1305 1887 1429 1930 confi·

109 1944 284 1986 ciendum
326 1954 494 1985 Vtuntur.

257 2008 354 2049 {con
387 2008 478 2048 sistit
509 2021 659 2050 ramum
691 2022 743 2052 ex
777 2009 1013 2053 inferioribus
1044 2016 1202 2055 naturali
1237 2017 1429 2069 magnim-

111 2069 200 2111 dine
219 2102 230 2121 ,
262 2083 351 2111 cum
392 2073 488 2128 spica
518 2072 685 2116 florifera
718 2076 873 2116 corollis
889 2088 972 2119 non
988 2077 1083 2120 dum
1103 2079 1199 2122 bene
1218 2082 1430 2138 explicatis.

169 2132 292 2191 Tom·
320 2133 353 2178 Ι,
701 2136 737 2183 Β
767 2138 793 2182 b
817 2139 843 2181 b
1347 2142 1430 2189 DE
