1820 2506
380 187 469 234 376
843 179 1315 232 DESCRIPTIONES

525 299 639 342 Folia
669 299 710 340 in
743 299 850 342 caule
881 300 1085 344 numerosa
1101 333 1115 354 ,
1156 300 1202 342 ad
1235 301 1375 355 singula
1414 302 1557 345 scilicet
1590 306 1696 358 geni-

379 364 465 406 cula
512 365 653 416 singula
671 396 684 417 ,
726 363 868 406 alterna
885 398 898 418 ,
941 376 1073 418 ouata,
1110 365 1313 419 petiolatay,
1344 379 1366 406 a
1395 365 1619 420 sesquiuncia
1650 368 1697 410 ad

378 429 472 468 duos
490 428 648 481 pollices
665 428 801 479 longa,
819 430 1006 482 superiora
1022 429 1254 482 aliquantum
1274 430 1463 481 breuiora,
1480 434 1597 471 'vnam
1619 431 1694 472 scil,

379 491 534 532 vnciam
580 490 655 530 lata
673 523 686 543 ‚
727 492 835 544 saepe
875 495 992 532 etiam
1025 492 1138 545 paulo
1177 493 1312 532 latiora
1352 502 1414 532 aut
1452 493 1662 545 angustiora
1684 528 1696 547 ‚

366 543 486 607 *supra
534 553 633 594 laete
681 555 817 594 viridia
837 588 848 608 ,
897 555 992 596 infra
1030 556 1211 597 albidiora
1229 588 1240 607 ,
1283 558 1440 598 neruosa
1456 588 1468 608 ‚
1518 557 1697 611 vtrinque

377 618 632 672 ghherrima,
669 618 715 658 ad
747 630 830 658 oras
865 618 1035 659 breuibus
1062 618 1272 659 albentibus
1318 619 1416 659 duris
1463 619 1551 672 pilis
1604 619 1698 660 hor-

376 682 471 723 rida.
537 681 678 721 Petioli
726 682 893 722 eiusdem
944 696 1032 725 cum
1080 682 1186 723 caule
1234 683 1404 734 coloris,
1445 682 1665 724 craffiusculi
1685 716 1697 736 ‚

379 745 512 797 glabri,
548 745 642 786 infra
673 747 856 798 connexi,
889 746 998 800 supra
1029 746 1161 800 plani,
1195 747 1241 786 ad
1273 759 1383 798 oras,
1426 758 1543 799 aeque
1578 759 1619 786 ac
1639 746 1699 786 fo-

377 807 520 848 liorum
554 821 690 861 margo
708 842 720 859 ,
753 809 841 861 pilis
874 809 1024 863 asperi,
1065 810 1225 849 diuersae
1259 810 1538 862 longitudini53
1572 808 1700 851 inferi·

376 883 491 912 orum
523 873 627 912 enim
656 872 837 913 foliorum
870 873 1005 926 petioli
1032 873 1192 912 vnciales
1225 881 1290 912 aut
1307 883 1345 911 et
1363 872 1556 924 longiores
1585 873 1669 917 sunt
1686 905 1698 925 ,

378 935 614 987 reliquorum
640 936 685 974 ad
703 935 842 987 spicam
858 936 975 989 vsque
992 935 1197 976 floriferam
1230 936 1362 977 sensim
1396 935 1586 976 breuiores
1605 968 1616 987 ,
1647 937 1700 975 ita

376 1006 424 1037 *vt
471 998 608 1050 petioli
652 998 888 1038 summorum
937 998 1119 1039 fohorum
1162 1000 1316 1040 tertiam
1364 1000 1502 1039 vnciae
1549 1008 1699 1053 partem

379 1060 622 1115 longitudine
655 1062 727 1101 vix
758 1061 948 1114 superent.

494 1123 714 1163 Intemodia
731 1136 805 1176 pro
823 1135 937 1163 more
946 1124 1090 1175 vaginis
1107 1123 1205 1163 tedia
1224 1124 1329 1178 funt·⁷
1349 1124 1526 1165 inferiora
1535 1125 1581 1164 ad
1591 1138 1698 1178 quar-

377 1194 471 1237 tam,
490 1185 679 1239 superiora
698 1187 743 1226 ad
761 1186 961 1228 dimidiam
981 1187 1056 1226 fere
1067 1187 1314 1238 longitudinis
1330 1197 1493 1241 partem.
1514 1188 1701 1243 ,Vaginae

376 1250 689 1292 membranaceae
727 1251 1003 1304 transparentes
1021 1283 1032 1302 ,
1075 1251 1180 1290 albae
1210 1257 1277 1291 aut
1319 1251 1434 1291 rubro
1476 1251 1607 1291 colore
1640 1252 1700 1291 in-

374 1311 497 1353 festae
516 1347 526 1366 ‚
561 1314 798 1355 creberrimis
838 1314 1171 1367 longitudinalibus
1210 1315 1337 1354 neruis
1377 1314 1571 1354 distindtae
1589 1346 1601 1364 ,
1636 1314 1702 1368 qui

377 1377 423 1416 ad
452 1390 476 1415 2
515 1387 553 1418 et
587 1393 609 1427 3
646 1379 764 1418 lineas
796 1378 897 1417 vltra
930 1378 1170 1418 membranas
1201 1388 1471 1429 excurrentes,
1505 1378 1696 1419 summum

377 1453 507 1482 earum
540 1443 754 1495 marginem
792 1440 1004 1481 tenuiffime
1037 1441 1254 1482 laciniatum
1289 1440 1473 1481 efficiunt.

524 1506 642 1546 Rami
677 1519 698 1544 e
730 1505 910 1545 foliorum
945 1505 1008 1544 alis
1039 1505 1261 1558 prodeunt3
1295 1504 1487 1544 inferiores
1503 1504 1698 1554 maturius,

377 1568 587 1621 superiores
636 1568 762 1608 multo
811 1567 950 1607 serius:
1001 1570 1068 1621 qui
1110 1577 1147 1607 et
1187 1569 1256 1620 ipsi
1297 1569 1336 1607 in
1369 1568 1462 1607 alios
1501 1569 1698 1617 minores,

378 1632 512 1671 eadem
556 1632 703 1684 prorsus
776 1644 850 1685 qua
888 1630 1006 1671 caulis
1023 1663 1035 1683 ,
1074 1632 1221 1671 ratione
1253 1632 1473 1672 diuiduntur
1506 1640 1544 1669 et
1578 1629 1698 1670 subdi-

378 1696 572 1735 viduntur.
1232 1736 1238 1741 ,

527 1759 633 1800 Folia
650 1755 858 1807 {ramorum
884 1767 923 1797 et
956 1758 1208 1809 ramulorum,
1247 1766 1395 1810 praeter
1419 1757 1523 1808 quod
1546 1757 1698 1814 minora

379 1825 492 1877 sunt,
534 1810 747 1877 eorumque
792 1823 952 1874 vaginae
991 1821 1088 1861 nihil
1121 1835 1141 1861 a
1172 1822 1326 1861 caulinis
1384 1819 1579 1859 abludunt.

532 1887 633 1928 Tam
686 1886 827 1937 caulis,
881 1899 996 1938 quam
1038 1885 1133 1925 rami
1175 1894 1213 1925 et
1256 1883 1390 1924 ramuli
1433 1881 1527 1922 infra
1561 1881 1698 1934 singula

383 1951 556 2003 genicula
596 1950 737 1990 crebris
775 1950 923 2001 exiguis
962 1949 1143 2002 glandulis
1161 1982 1172 2000 ,
1214 1947 1392 1988 viridibus
1436 1956 1498 1986 aut
1529 1945 1699 1985 rubenti-

384 2015 451 2054 bus
468 2047 479 2066 ,
510 2016 642 2069 absque
676 2014 760 2054 vllo
793 2014 926 2053 ordine
963 2013 1110 2066 speum,
1146 2012 1255 2053 obsiti
1288 2013 1380 2049 lunt.

723 1665 735 1684 )

1599 2134 1678 2187 Spe
