1820 2506
364 170 448 216 DE
489 167 665 214 MOTV
695 165 1002 213 NODORVM
1032 164 1237 210 LVNAE
1364 183 1388 221 a
1395 181 1449 220 91

138 289 173 334 st
201 299 339 334 mutuo
369 288 620 343 impellantur
637 321 649 341 ,
681 287 825 329 etiamsi
858 285 966 328 emsa
1000 285 1111 328 huius
1144 286 1206 328 vis
1243 285 1453 340 ignoretur.

138 355 214 398 fio
249 356 314 396 vsu
348 363 477 394 autem
510 353 776 394 astronomico
810 350 947 392 siffitit
966 347 1073 392 nofl‘e
1090 351 1279 392 eiusmodi
1297 350 1399 391 vires
1416 351 1459 391 in

137 420 289 463 mundo
323 417 438 471 reipsa
471 418 634 458 existere
652 449 663 468 ,
695 429 858 471 quarum
892 414 1043 456 effectus
1066 428 1155 457 cum
1185 415 1285 456 solus
1310 414 1459 470 spedte·

136 492 198 524 tur
215 515 227 535 ,
260 482 416 536 perinde
452 481 505 522 est
522 515 534 535 ,
568 493 815 536 quaecunque
848 492 980 520 earum
1014 479 1058 520 fit
1089 480 1192 520 causti
1209 478 1285 520 siue
1325 479 1458 532 cogni-

136 556 175 587 ta
191 546 267 587 siue
284 545 488 598 incognita,
522 557 644 600 neq—ue
675 545 715 584 in
748 544 866 598 ipfiim
901 543 1177 584 astronomiam
1210 542 1375 584 multum
1401 544 1462 584 in-

137 611 185 651 de
216 609 443 650 incrementi
475 609 700 649 redundaret
716 640 727 660 ,
770 607 861 648 licet
901 608 1014 649 huius
1051 608 1312 662 phaenomeni
1352 605 1461 648 causa

138 672 348 714 abscondita
378 671 637 712 innotesceret.

253 737 288 784 §.
326 745 366 782 3.
402 732 579 775 Stabilito
608 747 702 788 ergo
735 733 811 775 hoc
846 734 1040 789 principio
1058 769 1069 788 ,
1101 748 1183 790 quo
1214 735 1345 777 omnia
1371 747 1460 776 cor-

136 810 233 853 pora
265 798 445 838 coelestia
482 798 517 839 se
547 809 686 840 mutuo
724 799 915 839 attrahere
957 800 1166 840 statuuntur
1183 833 1195 852 ‚
1226 800 1455 840 determina-

136 862 194 902 tio
234 862 414 903 omnium
457 872 636 903 motuum
677 864 743 917 qui
782 863 822 904 in
856 863 970 903 coelo
999 862 1098 904 fiunt
1117 896 1128 914 ‚
1170 865 1218 904 ad
1257 863 1458 904 resolutio-

134 937 224 967 nem
245 925 531 979 problematum
549 925 865 966 mechanicorum
882 927 1083 965 reducitur:
1102 925 1329 965 mechanica
1347 926 1457 964 enim

133 987 188 1029 est
227 989 397 1042 quaestio
413 1022 425 1041 ,
468 1001 542 1042 qua
574 1001 627 1029 ex
662 989 824 1042 cognitis
873 989 1019 1029 viribus
1036 1021 1048 1039 ‚
1089 989 1224 1042 quibus
1256 989 1337 1030 duo
1368 988 1456 1042 plu-

132 1064 222 1093 raue
254 1064 419 1106 corpora
457 1052 497 1092 in
538 1052 572 1092 {e
606 1053 773 1092 inuicem
816 1062 933 1104 agunt
951 1084 963 1103 ,
996 1052 1161 1092 variatio
1194 1053 1304 1093 vnius
1333 1053 1457 1092 cuius-

132 1128 208 1169 que
249 1127 378 1156 motus
415 1115 508 1154 inde
548 1114 705 1154 oriunda
745 1113 898 1153 definiri
936 1114 1063 1154 debet.
1136 1115 1200 1155 Ac
1230 1128 1305 1168 pro
1343 1125 1458 1158 motu

133 1178 375 1231 planetarum
426 1177 695 1230 primariorum
735 1178 889 1231 quidem
939 1178 1235 1217 determinando
1253 1210 1265 1230 ‚
1314 1178 1381 1220 etfi
1429 1179 1459 1219 ii

134 1253 216 1282 non
250 1239 371 1281 solum
404 1241 452 1281 ad
483 1240 602 1281 solem
636 1251 818 1294 vrgentur
835 1274 846 1294 ,
877 1239 940 1281 fied
972 1241 1089 1281 etiam
1121 1241 1282 1295 quilibet
1313 1254 1336 1281 a
1368 1241 1456 1284 reli-

133 1304 217 1357 quis
235 1303 397 1344 trahitur
415 1336 428 1355 ,
460 1313 589 1344 tamen
620 1305 721 1344 vires
753 1318 775 1345 a
808 1305 969 1359 planetis
1009 1314 1118 1346 ortae
1148 1315 1227 1346 tam
1259 1308 1340 1345 {unt
1384 1317 1458 1346 ex·

133 1367 242 1421 iguae
298 1368 446 1407 ratione
503 1370 563 1408 vis
578 1401 590 1419 ‚
639 1381 735 1421 quae
783 1370 829 1410 ad
869 1368 991 1409 solem
1031 1370 1151 1409 tendit
1168 1403 1179 1421 ,
1223 1378 1267 1409 vt
1308 1369 1347 1408 in
1379 1368 1457 1411 hoc

133 1431 292 1484 negotio
325 1430 399 1470 fine
429 1444 559 1472 errore
588 1431 742 1472 senfibili
774 1434 1027 1487 praetermitti
1062 1442 1215 1486 queant.
1289 1433 1456 1473 Huncob

131 1494 279 1534 causam
318 1489 557 1547 inuestigatio
603 1507 731 1536 motus
769 1496 944 1550 cuiusque
966 1539 972 1545 ,
985 1496 1163 1550 planetae
1202 1497 1376 1550 primarii
1408 1496 1455 1538 ad

130 1556 359 1598 solutionem
394 1557 501 1598 huius
533 1559 778 1613 problematis
819 1560 1035 1612 perducitur
1052 1591 1064 1611 ‚
1096 1569 1140 1600 vt
1173 1559 1335 1600 duorum
1369 1572 1457 1601 cor-

131 1632 274 1675 porum
294 1653 304 1673 ,
341 1634 437 1674 quae
469 1621 505 1662 se
536 1633 676 1663 mutuo
706 1622 900 1663 attrahunt
935 1624 974 1663 in
993 1625 1140 1663 ratione
1172 1625 1371 1675 reciproca
1386 1623 1456 1663 du-

132 1683 271 1738 plicata
317 1685 577 1727 distantiarum
595 1718 607 1737 ,
648 1696 777 1727 motus
819 1700 862 1726 ac
904 1686 993 1728 situs
1030 1686 1078 1726 ad
1112 1687 1271 1740 quoduis
1301 1695 1456 1739 tempus

132 1745 346 1798 affignetur.
412 1749 531 1803 Quod
563 1750 765 1802 problema
808 1752 865 1790 vti
899 1763 980 1790 non
1014 1750 1068 1790 est
1108 1748 1266 1791 difficile
1299 1750 1422 1790 solutu
1441 1783 1454 1803 ‚

133 1809 186 1850 ita
219 1821 370 1862 quoque
403 1811 638 1862 planetarum
672 1814 940 1865 primariorum
982 1823 1109 1853 motus
1140 1813 1249 1854 faeile
1281 1826 1360 1868 ope
1378 1813 1453 1855 cal-

134 1871 211 1911 culi
241 1871 472 1913 definiuntur
490 1907 500 1926 ,
534 1887 578 1916 ac
611 1875 759 1916 tabulae
809 1879 849 1918 in
885 1878 990 1918 vsum
1025 1878 1326 1918 astronomicum
1358 1891 1457 1920 con·

135 1934 336 1976 struuntur.
401 1937 477 1977 Pro
507 1937 596 1979 luna
627 1949 757 1979 autem
791 1941 954 1981 calculus
972 1974 984 1993 ,
1024 1943 1072 1982 ad
1106 1954 1222 1994 quem
1257 1941 1351 1982 haec
1369 1941 1454 1982 the-

135 1999 219 2039 oria
251 1999 400 2040 deducit
417 2034 428 2053 ,
461 2011 662 2056 tantopere
695 2003 739 2043 fit
764 2004 946 2044 molestus
962 2038 974 2056 ,
1008 2012 1141 2059 totque
1174 2005 1457 2047 difficultatibus

136 2061 349 2116 implicatus
364 2095 376 2119 ,
409 2074 454 2107 vt
484 2078 557 2109 vix
588 2067 793 2124 quicquam
825 2069 922 2111 certi
960 2068 1010 2111 ad
1034 2070 1117 2111 eius
1145 2080 1299 2114 motum
1331 2070 1455 2112 deter-

1379 2144 1458 2175 mlo
