1820 2506
141 170 461 222 SECVNDVM
468 168 643 235 QVAM
656 171 845 217 CALOR
871 169 1073 218 FLVIDJ
1087 170 1154 214 IN
1169 170 1393 222 VAs.&c.1
1402 184 1467 227 97·

139 303 249 351 patet
265 328 276 349 ,
329 294 481 337 collatis
528 294 640 337 fimul
687 294 733 335 iis
750 326 761 347 ‚
794 304 889 347 quae
930 292 964 340 §.
985 291 1018 341 §.
1040 306 1082 343 4.
1107 301 1129 342 5
1153 300 1191 333 et
1205 294 1247 331 6.
1284 301 1468 334 annotata'

137 359 241 413 funt,
274 360 322 401 ad
338 360 638 401 elaborationem
654 357 1022 399 thermometrorum
1046 355 1213 410 perscore
1228 356 1467 396 concordan-

137 424 235 465 tium
266 425 438 479 requiri,
472 432 517 464 vt
550 422 762 477 superficies
802 421 1008 462 bulborum
1045 420 1468 473 thermometricorum,

137 489 303 529 eandem
337 489 528 529 rationem
559 486 724 528 habeant
741 519 753 540 ,
788 499 902 542 quam
932 484 1074 526 habent
1108 484 1307 526 volumina
1334 484 1470 525 bulbo-

135 564 224 593 rum
258 552 680 593 thermometricorum.

136 614 348 671 Nunquam
381 616 487 656 enim
520 615 762 656 decrementa
807 614 874 655 vel
906 615 1142 654 incrementa
1182 614 1330 668 aequali
1364 622 1472 655 tem-0·

133 693 233 735 pore
251 713 262 733 ‚
303 679 517 721 mutatione
561 679 658 719 ae'ris
697 679 835 719 eadem
873 677 971 718 facta
1009 687 1119 718 erunt
1161 678 1326 732 aequalia
1342 711 1354 731 ,
1395 680 1465 721 nifi

134 751 287 809 (pofitis
327 753 438 794 distis
479 753 742 795 voluminibus
774 753 842 794 V:
879 764 907 793 v
926 760 965 792 et
988 751 1250 805 superficiebus
1283 750 1330 793 S:
1358 751 1414 807 s.)
1444 741 1472 807 {-

132 818 331 881 sst:{;
367 826 545 882 consequ.
583 823 1139 869 szsVetstsz.
1186 824 1347 867 Collatis
1382 828 1477 876 §.§s

136 902 178 939 3.
200 905 242 942 4.
271 901 310 940 ς.
331 894 361 929 6
395 891 501 932 simu]
521 901 629 946 patet
646 925 657 944 ‚
690 905 734 932 ea
752 891 1030 931 thermometra
1049 921 1060 941 ,
1095 903 1190 942 quae
1207 889 1361 930 adhibui
1385 903 1468 931 non

131 953 242 996 fuiffe
283 955 450 1009 perfeste
489 956 798 1008 concordantia3
842 954 932 1008 quia
972 951 1186 993 differentia
1227 953 1330 993 inter
1362 963 1468 994 tem-

132 1021 284 1073 periem
316 1021 412 1060 aeris
444 1028 484 1059 et
516 1019 747 1073 temperiem
786 1016 1061 1058 thermometri
1102 1017 1143 1056 in
1183 1018 1376 1071 experim.
1424 1017 1463 1060 L

131 1082 187 1125 ΙΙ.
239 1083 429 1124 existente
468 1095 528 1134 24
545 1096 601 1136 gr,
622 1082 952 1123 thei-mometrum
984 1081 1215 1134 temperiem
1246 1082 1344 1121 aeris
1362 1095 1461 1122 con«

110 1146 382 1187 consecutum
428 1147 484 1187 est
530 1146 724 1198 sexaginta
774 1146 932 1185 minutis
972 1144 1107 1197 primis
1124 1177 1137 1196 ⁷
1181 1145 1221 1184 in
1261 1147 1458 1199 experim.

130 1208 211 1252 111.
245 1221 346 1251 vero
377 1208 706 1250 thermometrum
747 1208 910 1249 alterum
929 1240 941 1260 ,
983 1208 1195 1250 differentia
1225 1207 1328 1249 inter
1357 1217 1462 1251 tem.

133 1275 286 1330 periem
318 1274 418 1314 aelris
447 1282 490 1314 et
521 1272 794 1313 thermometri
823 1272 1016 1312 existente
1050 1278 1105 1313 28
1142 1271 1335 1326 graduum,
1352 1282 1457 1316 tem-

133 1339 285 1393 periem
316 1338 411 1379 aeriS
444 1336 692 1378 consecutum
721 1336 776 1378 est
809 1337 962 1390 triginta
994 1337 1151 1377 minutis
1167 1337 1312 1389 primis.
1335 1337 1454 1379 Non-

133 1401 257 1443 solum
274 1413 372 1443 vero
387 1401 756 1443 thermometrorum
784 1400 986 1442 hannonia
1019 1401 1084 1440 tali
1100 1401 1249 1440 mtione
1282 1403 1459 1444 exaerior

133 1465 326 1507 obtinetur
344 1499 356 1519 ‚
396 1465 460 1507 fied
496 1467 613 1507 etiam
654 1465 808 1520 sequens
847 1464 1051 1519 problema
1090 1465 1222 1517 magni
1263 1468 1455 1507 momenti

131 1538 172 1570 et
210 1529 517 1583 meteorohgiae
558 1529 816 1584 perficiendae
857 1528 1063 1568 inseruiens
1096 1527 1189 1568 solui
1221 1530 1366 1582 poterit
1384 1564 1393 1581 ‚
1429 1531 1456 1571 fi

129 1593 174 1634 in
189 1592 384 1636 subsidium
403 1602 610 1646 vocantur,
637 1605 732 1649 quae
750 1593 790 1633 in
809 1591 881 1633 hac
907 1589 1163 1632 differtatione
1188 1593 1349 1645 probaui
1374 1595 1453 1635 scil.

247 1658 502 1712 Temperiem
542 1658 639 1699 ae'ris
678 1658 851 1698 inuenire
891 1668 1008 1709 eam3
1052 1668 1146 1709 quae
1165 1689 1176 1708 ,
1219 1656 1246 1696 fi
1279 1658 1453 1699 constans

133 1718 226 1762 esset
265 1735 336 1776 per
375 1730 501 1763 totum
543 1723 645 1764 diem
665 1756 675 1776 ,
707 1722 773 1761 vel
806 1721 920 1761 etiam
954 1732 1025 1774 per
1056 1720 1269 1760 multorum
1303 1722 1453 1764 dierum

129 1785 388 1837 interuallum,
422 1786 514 1838 quin
543 1795 671 1828 totum
705 1798 847 1826 annum
867 1818 877 1837 ,
912 1784 1076 1826 eundem
1095 1783 1278 1825 effeetum
1311 1787 1454 1838 produ-

132 1857 236 1888 ceret
275 1849 315 1888 in
359 1848 615 1901 refrigerandis
654 1849 719 1891 vel
758 1848 1019 1890 calefaciendis
1058 1861 1128 1901 per
1162 1848 1266 1888 idem
1301 1858 1452 1903 tempus

133 1912 357 1965 corporibus
374 1945 385 1965 ,
426 1925 469 1952 ac
511 1925 645 1954 omnes
685 1913 818 1967 gradus
850 1913 986 1954 diuersi
1017 1912 1155 1952 caloris
1185 1912 1252 1951 fibi
1286 1925 1356 1965 per
1390 1923 1452 1954 to-

131 1984 216 2016 tum
256 1976 358 2016 diem
378 2008 389 2029 ,
430 1976 496 2016 vel
535 1977 683 2031 longius
724 1976 964 2016 interuallum
1005 1988 1038 2015 e.
1075 1988 1112 2028 g.
1147 1984 1274 2016 totum
1308 1989 1452 2019 annum

131 2037 382 2080 succedentes.
449 2041 551 2097 Quia
602 2054 699 2082 vero
747 2040 787 2080 in
828 2040 907 2079 hoc
948 2040 1108 2091 negotio
1141 2039 1318 2080 machina
1358 2055 1448 2094 qua-

132 2102 221 2143 dam
267 2111 304 2142 et
336 2113 518 2160 apparatu
555 2118 657 2162 opus
700 2102 755 2144 est
773 2136 785 2156 ,
836 2115 920 2144 rem
969 2101 1142 2144 differam
1172 2135 1183 2155 ,
1234 2104 1449 2158 pedemque

132 2164 197 2209 hic
232 2165 325 2221 figo,

728 2228 764 2273 B
780 2230 805 2273 b
826 2242 853 2281 3
1225 2231 1444 2272 TENTA-
