<?xml version="1.0" encoding="UTF-8"?>
<!DOCTYPE html PUBLIC "-//W3C//DTD XHTML 1.0 Transitional//EN"
    "http://www.w3.org/TR/xhtml1/DTD/xhtml1-transitional.dtd">
<html xmlns="http://www.w3.org/1999/xhtml" xml:lang="en" lang="en">
 <head>
  <title>
</title>
<meta http-equiv="Content-Type" content="text/html;charset=utf-8" />
  <meta name='ocr-system' content='tesseract 3.04.00' />
  <meta name='ocr-capabilities' content='ocr_page ocr_carea ocr_par ocr_line ocrx_word'/>
</head>
<body>
  <div class='ocr_page' id='page_1' title='image "./novicommentariac01impe_0375.png"; bbox 0 0 1820 2506; ppageno 0'>
   <div class='ocr_carea' id='block_1_1' title="bbox 289 182 1454 261">
    <p class='ocr_par' dir='ltr' id='par_1_1' title="bbox 289 182 1454 261">
     <span class='ocr_line' id='line_1_1' title="bbox 289 182 1454 261; baseline -0.004 -26"><span class='ocrx_word' id='word_1_1' title='bbox 289 192 376 236; x_wconf 78' lang='lat' dir='ltr'>m:</span> <span class='ocrx_word' id='word_1_2' title='bbox 405 187 631 237; x_wconf 79' lang='lat' dir='ltr'><strong><em>INSIGNI</em></strong></span> <span class='ocrx_word' id='word_1_3' title='bbox 661 182 996 235; x_wconf 75' lang='lat' dir='ltr'><em>PARADOXO</em></span> <span class='ocrx_word' id='word_1_4' title='bbox 1028 184 1295 244; x_wconf 77' lang='lat' dir='ltr'><em>PHYSICO‚</em></span> <span class='ocrx_word' id='word_1_5' title='bbox 1336 197 1454 261; x_wconf 23' lang='lat'>‘277</span> 
     </span>
    </p>
   </div>
   <div class='ocr_carea' id='block_1_2' title="bbox 118 307 1459 2225">
    <p class='ocr_par' dir='ltr' id='par_1_2' title="bbox 131 307 1459 816">
     <span class='ocr_line' id='line_1_2' title="bbox 136 307 1459 365; baseline -0.005 -11"><span class='ocrx_word' id='word_1_6' title='bbox 136 310 252 354; x_wconf 77' lang='lat' dir='ltr'>variis</span> <span class='ocrx_word' id='word_1_7' title='bbox 285 311 572 354; x_wconf 85' lang='lat' dir='ltr'>circumstantiis</span> <span class='ocrx_word' id='word_1_8' title='bbox 606 311 914 353; x_wconf 86' lang='lat' dir='ltr'>concurrentibus</span> <span class='ocrx_word' id='word_1_9' title='bbox 945 308 1278 365; x_wconf 69' lang='lat' dir='ltr'>perspicacissimus</span> <span class='ocrx_word' id='word_1_10' title='bbox 1317 307 1459 362; x_wconf 76' lang='lat' dir='ltr'>saepius</span> 
     </span>
     <span class='ocr_line' id='line_1_3' title="bbox 137 373 1457 431; baseline -0.003 -14"><span class='ocrx_word' id='word_1_11' title='bbox 137 379 468 431; x_wconf 85' lang='lat' dir='ltr'>experimentator</span> <span class='ocrx_word' id='word_1_12' title='bbox 501 376 745 417; x_wconf 88' lang='lat' dir='ltr'>confunditur</span> <span class='ocrx_word' id='word_1_13' title='bbox 778 386 824 417; x_wconf 81' lang='lat' dir='ltr'>vt</span> <span class='ocrx_word' id='word_1_14' title='bbox 863 376 1055 416; x_wconf 87' lang='lat' dir='ltr'>interdum</span> <span class='ocrx_word' id='word_1_15' title='bbox 1096 373 1182 417; x_wconf 89' lang='lat' dir='ltr'>falsa</span> <span class='ocrx_word' id='word_1_16' title='bbox 1219 386 1294 429; x_wconf 90' lang='lat' dir='ltr'>pro</span> <span class='ocrx_word' id='word_1_17' title='bbox 1333 385 1457 427; x_wconf 88' lang='lat' dir='ltr'>expe-</span> 
     </span>
     <span class='ocr_line' id='line_1_4' title="bbox 136 436 1457 496; baseline -0.004 -13"><span class='ocrx_word' id='word_1_18' title='bbox 136 442 272 483; x_wconf 85' lang='lat' dir='ltr'>rientia</span> <span class='ocrx_word' id='word_1_19' title='bbox 306 442 570 496; x_wconf 83' lang='lat' dir='ltr'>comprobatis</span> <span class='ocrx_word' id='word_1_20' title='bbox 605 441 866 482; x_wconf 84' lang='lat' dir='ltr'>commendet.</span> <span class='ocrx_word' id='word_1_21' title='bbox 933 441 1135 494; x_wconf 86' lang='lat' dir='ltr'>Imprimis</span> <span class='ocrx_word' id='word_1_22' title='bbox 1151 440 1229 481; x_wconf 87' lang='lat' dir='ltr'>hoc</span> <span class='ocrx_word' id='word_1_23' title='bbox 1247 438 1293 480; x_wconf 93' lang='lat' dir='ltr'>fit</span> <span class='ocrx_word' id='word_1_24' title='bbox 1311 472 1322 491; x_wconf 84' lang='lat'>,</span> <span class='ocrx_word' id='word_1_25' title='bbox 1357 438 1386 479; x_wconf 85' lang='lat' dir='ltr'><strong>fi</strong></span> <span class='ocrx_word' id='word_1_26' title='bbox 1404 436 1457 478; x_wconf 83' lang='lat' dir='ltr'>ob</span> 
     </span>
     <span class='ocr_line' id='line_1_5' title="bbox 134 503 1459 560; baseline -0.002 -14"><span class='ocrx_word' id='word_1_27' title='bbox 134 506 373 547; x_wconf 79' lang='lat' dir='ltr'>celeritatem</span> <span class='ocrx_word' id='word_1_28' title='bbox 421 505 684 560; x_wconf 84' lang='lat' dir='ltr'>pliaenomeni</span> <span class='ocrx_word' id='word_1_29' title='bbox 733 518 871 547; x_wconf 86' lang='lat' dir='ltr'>omnes</span> <span class='ocrx_word' id='word_1_30' title='bbox 915 505 1215 546; x_wconf 78' lang='lat' dir='ltr'>circumstantias</span> <span class='ocrx_word' id='word_1_31' title='bbox 1263 503 1459 544; x_wconf 81' lang='lat' dir='ltr'>obseruare</span> 
     </span>
     <span class='ocr_line' id='line_1_6' title="bbox 133 565 1455 624; baseline -0.002 -14"><span class='ocrx_word' id='word_1_32' title='bbox 133 582 216 610; x_wconf 90' lang='lat' dir='ltr'>non</span> <span class='ocrx_word' id='word_1_33' title='bbox 250 570 350 611; x_wconf 89' lang='lat' dir='ltr'>licet.</span> <span class='ocrx_word' id='word_1_34' title='bbox 416 568 536 610; x_wconf 85' lang='lat' dir='ltr'>Caute</span> <span class='ocrx_word' id='word_1_35' title='bbox 569 570 662 610; x_wconf 88' lang='lat' dir='ltr'>hinc</span> <span class='ocrx_word' id='word_1_36' title='bbox 695 570 984 624; x_wconf 88' lang='lat' dir='ltr'>procedendum</span> <span class='ocrx_word' id='word_1_37' title='bbox 1017 570 1070 610; x_wconf 89' lang='lat' dir='ltr'>est</span> <span class='ocrx_word' id='word_1_38' title='bbox 1102 570 1143 610; x_wconf 90' lang='lat' dir='ltr'>in</span> <span class='ocrx_word' id='word_1_39' title='bbox 1177 565 1318 609; x_wconf 80' lang='lat' dir='ltr'>assensu</span> <span class='ocrx_word' id='word_1_40' title='bbox 1337 579 1455 622; x_wconf 73' lang='lat' dir='ltr'>expe-¹</span> 
     </span>
     <span class='ocr_line' id='line_1_7' title="bbox 132 632 1458 688; baseline -0.003 -13"><span class='ocrx_word' id='word_1_41' title='bbox 132 634 307 675; x_wconf 70' lang='lat' dir='ltr'>timentis</span> <span class='ocrx_word' id='word_1_42' title='bbox 337 633 524 674; x_wconf 86' lang='lat' dir='ltr'>eiusmodi</span> <span class='ocrx_word' id='word_1_43' title='bbox 555 633 775 687; x_wconf 88' lang='lat' dir='ltr'>praebendo</span> <span class='ocrx_word' id='word_1_44' title='bbox 793 666 805 686; x_wconf 88' lang='lat'>‚</span> <span class='ocrx_word' id='word_1_45' title='bbox 839 634 1014 688; x_wconf 85' lang='lat' dir='ltr'>inprimis</span> <span class='ocrx_word' id='word_1_46' title='bbox 1045 635 1073 676; x_wconf 88' lang='lat' dir='ltr'><strong>fi</strong></span> <span class='ocrx_word' id='word_1_47' title='bbox 1106 632 1260 688; x_wconf 86' lang='lat' dir='ltr'>aliquod</span> <span class='ocrx_word' id='word_1_48' title='bbox 1292 633 1458 687; x_wconf 83' lang='lat' dir='ltr'>parado-</span> 
     </span>
     <span class='ocr_line' id='line_1_8' title="bbox 132 695 1458 752; baseline -0.001 -14"><span class='ocrx_word' id='word_1_49' title='bbox 132 709 218 739; x_wconf 86' lang='lat' dir='ltr'>xon</span> <span class='ocrx_word' id='word_1_50' title='bbox 251 698 454 738; x_wconf 85' lang='lat' dir='ltr'>continent</span> <span class='ocrx_word' id='word_1_51' title='bbox 474 730 486 750; x_wconf 86' lang='lat'>,</span> <span class='ocrx_word' id='word_1_52' title='bbox 521 707 560 738; x_wconf 92' lang='lat' dir='ltr'>et</span> <span class='ocrx_word' id='word_1_53' title='bbox 593 698 697 752; x_wconf 84' lang='lat' dir='ltr'>prius</span> <span class='ocrx_word' id='word_1_54' title='bbox 713 730 724 750; x_wconf 84' lang='lat'>‚</span> <span class='ocrx_word' id='word_1_55' title='bbox 758 699 961 752; x_wconf 89' lang='lat' dir='ltr'>quomodo</span> <span class='ocrx_word' id='word_1_56' title='bbox 994 699 1163 739; x_wconf 87' lang='lat' dir='ltr'>instituta</span> <span class='ocrx_word' id='word_1_57' title='bbox 1196 697 1269 739; x_wconf 88' lang='lat' dir='ltr'>sint</span> <span class='ocrx_word' id='word_1_58' title='bbox 1298 695 1458 738; x_wconf 73' lang='lat' dir='ltr'>exactis-</span> 
     </span>
     <span class='ocr_line' id='line_1_9' title="bbox 131 759 1454 816; baseline -0.002 -12"><span class='ocrx_word' id='word_1_59' title='bbox 131 761 225 804; x_wconf 87' lang='lat' dir='ltr'>fime</span> <span class='ocrx_word' id='word_1_60' title='bbox 256 759 365 802; x_wconf 81' lang='lat' dir='ltr'>nofl‘e</span> <span class='ocrx_word' id='word_1_61' title='bbox 396 762 580 802; x_wconf 88' lang='lat' dir='ltr'>debemus</span> <span class='ocrx_word' id='word_1_62' title='bbox 598 795 609 815; x_wconf 87' lang='lat'>‚</span> <span class='ocrx_word' id='word_1_63' title='bbox 643 772 846 816; x_wconf 80' lang='lat' dir='ltr'>antequam</span> <span class='ocrx_word' id='word_1_64' title='bbox 882 763 1065 804; x_wconf 88' lang='lat' dir='ltr'>iudicium</span> <span class='ocrx_word' id='word_1_65' title='bbox 1099 763 1148 803; x_wconf 88' lang='lat' dir='ltr'>de</span> <span class='ocrx_word' id='word_1_66' title='bbox 1165 763 1210 802; x_wconf 89' lang='lat' dir='ltr'>iis</span> <span class='ocrx_word' id='word_1_67' title='bbox 1227 761 1321 802; x_wconf 90' lang='lat' dir='ltr'>ferre</span> <span class='ocrx_word' id='word_1_68' title='bbox 1351 761 1454 802; x_wconf 72' lang='lat' dir='ltr'>licet„</span> 
     </span>
    </p>

    <p class='ocr_par' dir='ltr' id='par_1_3' title="bbox 126 823 1458 1199">
     <span class='ocr_line' id='line_1_10' title="bbox 281 823 1458 881; baseline 0 -16"><span class='ocrx_word' id='word_1_69' title='bbox 281 826 315 874; x_wconf 67' lang='grc' dir='ltr'>ξ.</span> <span class='ocrx_word' id='word_1_70' title='bbox 355 836 396 873; x_wconf 82' lang='grc'>3.</span> <span class='ocrx_word' id='word_1_71' title='bbox 433 823 676 880; x_wconf 86' lang='lat' dir='ltr'>Compreffio</span> <span class='ocrx_word' id='word_1_72' title='bbox 710 828 806 867; x_wconf 79' lang='lat' dir='ltr'>ae&#39;ris</span> <span class='ocrx_word' id='word_1_73' title='bbox 838 836 940 867; x_wconf 86' lang='lat' dir='ltr'>tanta</span> <span class='ocrx_word' id='word_1_74' title='bbox 959 859 970 878; x_wconf 79' lang='lat'>,</span> <span class='ocrx_word' id='word_1_75' title='bbox 1003 841 1076 881; x_wconf 86' lang='lat' dir='ltr'>qua</span> <span class='ocrx_word' id='word_1_76' title='bbox 1105 828 1145 867; x_wconf 91' lang='lat' dir='ltr'>in</span> <span class='ocrx_word' id='word_1_77' title='bbox 1186 833 1301 874; x_wconf 83' lang='lat'>1837</span> <span class='ocrx_word' id='word_1_78' title='bbox 1343 825 1458 865; x_wconf 63' lang='grc' dir='ltr'>νοω·</span> 
     </span>
     <span class='ocr_line' id='line_1_11' title="bbox 131 889 1457 945; baseline -0.002 -14"><span class='ocrx_word' id='word_1_79' title='bbox 131 889 246 931; x_wconf 86' lang='lat' dir='ltr'>minis</span> <span class='ocrx_word' id='word_1_80' title='bbox 276 899 428 945; x_wconf 85' lang='lat' dir='ltr'>partem</span> <span class='ocrx_word' id='word_1_81' title='bbox 462 891 636 932; x_wconf 69' lang='lat' dir='ltr'>reductus</span> <span class='ocrx_word' id='word_1_82' title='bbox 655 923 666 943; x_wconf 88' lang='lat'>,</span> <span class='ocrx_word' id='word_1_83' title='bbox 701 890 870 945; x_wconf 89' lang='lat' dir='ltr'>hincque</span> <span class='ocrx_word' id='word_1_84' title='bbox 909 891 1067 944; x_wconf 86' lang='lat' dir='ltr'>duplam</span> <span class='ocrx_word' id='word_1_85' title='bbox 1101 903 1218 943; x_wconf 87' lang='lat' dir='ltr'>aquae</span> <span class='ocrx_word' id='word_1_86' title='bbox 1250 898 1288 928; x_wconf 91' lang='lat' dir='ltr'>et</span> <span class='ocrx_word' id='word_1_87' title='bbox 1322 889 1457 942; x_wconf 69' lang='lat' dir='ltr'>lapidis</span> 
     </span>
     <span class='ocr_line' id='line_1_12' title="bbox 126 952 1455 1006; baseline -0.002 -12"><span class='ocrx_word' id='word_1_88' title='bbox 126 954 246 995; x_wconf 73' lang='lat' dir='ltr'>ferme</span> <span class='ocrx_word' id='word_1_89' title='bbox 286 954 508 996; x_wconf 81' lang='lat' dir='ltr'>densitatem</span> <span class='ocrx_word' id='word_1_90' title='bbox 552 953 754 995; x_wconf 74' lang='lat' dir='ltr'>obtinuisse</span> <span class='ocrx_word' id='word_1_91' title='bbox 794 952 966 995; x_wconf 72' lang='lat' dir='ltr'>asseritur</span> <span class='ocrx_word' id='word_1_92' title='bbox 985 985 997 1006; x_wconf 79' lang='lat'>‚</span> <span class='ocrx_word' id='word_1_93' title='bbox 1031 954 1197 994; x_wconf 89' lang='lat' dir='ltr'>omnino</span> <span class='ocrx_word' id='word_1_94' title='bbox 1230 952 1304 992; x_wconf 80' lang='lat' dir='ltr'>tale</span> <span class='ocrx_word' id='word_1_95' title='bbox 1345 965 1455 1006; x_wconf 86' lang='lat' dir='ltr'>para-</span> 
     </span>
     <span class='ocr_line' id='line_1_13' title="bbox 127 1015 1456 1073; baseline 0 -15"><span class='ocrx_word' id='word_1_96' title='bbox 127 1018 267 1059; x_wconf 87' lang='lat' dir='ltr'>doxon</span> <span class='ocrx_word' id='word_1_97' title='bbox 300 1018 501 1073; x_wconf 88' lang='lat' dir='ltr'>phyficum</span> <span class='ocrx_word' id='word_1_98' title='bbox 535 1018 633 1059; x_wconf 88' lang='lat' dir='ltr'>mihi</span> <span class='ocrx_word' id='word_1_99' title='bbox 664 1018 718 1060; x_wconf 89' lang='lat' dir='ltr'>est</span> <span class='ocrx_word' id='word_1_100' title='bbox 735 1051 746 1071; x_wconf 88' lang='lat'>‚</span> <span class='ocrx_word' id='word_1_101' title='bbox 797 1027 837 1059; x_wconf 91' lang='lat' dir='ltr'>et</span> <span class='ocrx_word' id='word_1_102' title='bbox 884 1017 978 1059; x_wconf 91' lang='lat' dir='ltr'>hinc</span> <span class='ocrx_word' id='word_1_103' title='bbox 1028 1019 1245 1072; x_wconf 80' lang='lat' dir='ltr'>priusquam</span> <span class='ocrx_word' id='word_1_104' title='bbox 1297 1015 1456 1058; x_wconf 70' lang='lat' dir='ltr'>assensus</span> 
     </span>
     <span class='ocr_line' id='line_1_14' title="bbox 127 1082 1456 1137; baseline 0 -14"><span class='ocrx_word' id='word_1_105' title='bbox 127 1082 302 1137; x_wconf 82' lang='lat' dir='ltr'>praeberi</span> <span class='ocrx_word' id='word_1_106' title='bbox 335 1084 481 1137; x_wconf 90' lang='lat' dir='ltr'>poterit</span> <span class='ocrx_word' id='word_1_107' title='bbox 499 1116 510 1136; x_wconf 86' lang='lat'>,</span> <span class='ocrx_word' id='word_1_108' title='bbox 545 1092 657 1123; x_wconf 85' lang='lat' dir='ltr'>antea</span> <span class='ocrx_word' id='word_1_109' title='bbox 676 1115 687 1135; x_wconf 82' lang='lat'>,</span> <span class='ocrx_word' id='word_1_110' title='bbox 720 1082 924 1136; x_wconf 85' lang='lat' dir='ltr'>quomodo</span> <span class='ocrx_word' id='word_1_111' title='bbox 963 1083 1175 1124; x_wconf 88' lang='lat' dir='ltr'>institutum</span> <span class='ocrx_word' id='word_1_112' title='bbox 1216 1082 1261 1124; x_wconf 81' lang='lat' dir='ltr'>sit</span> <span class='ocrx_word' id='word_1_113' title='bbox 1302 1082 1456 1137; x_wconf 80' lang='lat' dir='ltr'>experi-</span> 
     </span>
     <span class='ocr_line' id='line_1_15' title="bbox 127 1146 898 1199; baseline -0.003 -12"><span class='ocrx_word' id='word_1_114' title='bbox 127 1156 306 1188; x_wconf 89' lang='lat' dir='ltr'>mentum</span> <span class='ocrx_word' id='word_1_115' title='bbox 325 1179 336 1199; x_wconf 85' lang='lat'>‚</span> <span class='ocrx_word' id='word_1_116' title='bbox 370 1147 468 1186; x_wconf 90' lang='lat' dir='ltr'>bene</span> <span class='ocrx_word' id='word_1_117' title='bbox 501 1147 801 1187; x_wconf 84' lang='lat' dir='ltr'>examinandum</span> <span class='ocrx_word' id='word_1_118' title='bbox 833 1146 898 1186; x_wconf 88' lang='lat' dir='ltr'>est.</span> 
     </span>
    </p>

    <p class='ocr_par' dir='ltr' id='par_1_4' title="bbox 118 1209 1457 2164">
     <span class='ocr_line' id='line_1_16' title="bbox 280 1209 1457 1263; baseline 0.002 -14"><span class='ocrx_word' id='word_1_119' title='bbox 280 1210 316 1259; x_wconf 83' lang='lat'>§.</span> <span class='ocrx_word' id='word_1_120' title='bbox 351 1223 394 1260; x_wconf 88' lang='lat'>4.</span> <span class='ocrx_word' id='word_1_121' title='bbox 431 1209 497 1250; x_wconf 91' lang='lat' dir='ltr'>Ad</span> <span class='ocrx_word' id='word_1_122' title='bbox 530 1209 632 1250; x_wconf 83' lang='lat' dir='ltr'>lianc</span> <span class='ocrx_word' id='word_1_123' title='bbox 663 1210 887 1263; x_wconf 86' lang='lat' dir='ltr'>stupendam</span> <span class='ocrx_word' id='word_1_124' title='bbox 923 1209 1146 1251; x_wconf 81' lang='lat' dir='ltr'>densitatem</span> <span class='ocrx_word' id='word_1_125' title='bbox 1177 1211 1260 1251; x_wconf 70' lang='lat' dir='ltr'>aeri</span> <span class='ocrx_word' id='word_1_126' title='bbox 1284 1209 1457 1251; x_wconf 76' lang='lat' dir='ltr'>tribuen-</span> 
     </span>
     <span class='ocr_line' id='line_1_17' title="bbox 127 1272 1453 1328; baseline 0 -14"><span class='ocrx_word' id='word_1_127' title='bbox 127 1273 219 1315; x_wconf 79' lang='lat' dir='ltr'>dam</span> <span class='ocrx_word' id='word_1_128' title='bbox 252 1272 421 1328; x_wconf 89' lang='lat' dir='ltr'>sequenti</span> <span class='ocrx_word' id='word_1_129' title='bbox 453 1273 645 1315; x_wconf 91' lang='lat' dir='ltr'>methodo</span> <span class='ocrx_word' id='word_1_130' title='bbox 677 1273 973 1328; x_wconf 78' lang='lat' dir='ltr'>ingeniosissima</span> <span class='ocrx_word' id='word_1_131' title='bbox 1002 1275 1087 1315; x_wconf 84' lang='lat' dir='ltr'>vsus</span> <span class='ocrx_word' id='word_1_132' title='bbox 1117 1274 1170 1315; x_wconf 90' lang='lat' dir='ltr'>est</span> <span class='ocrx_word' id='word_1_133' title='bbox 1204 1272 1288 1315; x_wconf 87' lang='lat' dir='ltr'>Cel.</span> <span class='ocrx_word' id='word_1_134' title='bbox 1325 1274 1453 1316; x_wconf 76' lang='lat' dir='ltr'>Hales.</span> 
     </span>
     <span class='ocr_line' id='line_1_18' title="bbox 127 1337 1457 1393; baseline 0 -13"><span class='ocrx_word' id='word_1_135' title='bbox 127 1337 261 1392; x_wconf 86' lang='lat' dir='ltr'>Elegit</span> <span class='ocrx_word' id='word_1_136' title='bbox 275 1338 471 1392; x_wconf 84' lang='lat' dir='ltr'>sphaeram</span> <span class='ocrx_word' id='word_1_137' title='bbox 505 1340 664 1379; x_wconf 84' lang='lat' dir='ltr'>ferream</span> <span class='ocrx_word' id='word_1_138' title='bbox 683 1351 819 1380; x_wconf 85' lang='lat' dir='ltr'>cauam</span> <span class='ocrx_word' id='word_1_139' title='bbox 837 1372 848 1392; x_wconf 83' lang='lat'>‚</span> <span class='ocrx_word' id='word_1_140' title='bbox 881 1339 984 1379; x_wconf 78' lang='lat' dir='ltr'>cuius</span> <span class='ocrx_word' id='word_1_141' title='bbox 1016 1340 1237 1393; x_wconf 88' lang='lat' dir='ltr'>capacitatis</span> <span class='ocrx_word' id='word_1_142' title='bbox 1270 1339 1457 1380; x_wconf 72' lang='lat' dir='ltr'>diameter</span> 
     </span>
     <span class='ocr_line' id='line_1_19' title="bbox 125 1399 1452 1457; baseline 0.002 -15"><span class='ocrx_word' id='word_1_143' title='bbox 125 1399 255 1452; x_wconf 76' lang='lat'>6¹¹51¹¹</span> <span class='ocrx_word' id='word_1_144' title='bbox 284 1402 412 1444; x_wconf 90' lang='lat' dir='ltr'>Lond.</span> <span class='ocrx_word' id='word_1_145' title='bbox 439 1412 522 1443; x_wconf 86' lang='lat' dir='ltr'>erat</span> <span class='ocrx_word' id='word_1_146' title='bbox 539 1436 549 1455; x_wconf 81' lang='lat'>,</span> <span class='ocrx_word' id='word_1_147' title='bbox 580 1412 620 1443; x_wconf 89' lang='lat' dir='ltr'>et</span> <span class='ocrx_word' id='word_1_148' title='bbox 637 1404 798 1444; x_wconf 90' lang='lat' dir='ltr'>minima</span> <span class='ocrx_word' id='word_1_149' title='bbox 815 1405 1004 1457; x_wconf 85' lang='lat' dir='ltr'>parietum</span> <span class='ocrx_word' id='word_1_150' title='bbox 1029 1403 1204 1444; x_wconf 74' lang='lat' dir='ltr'>crass&#39;ities</span> <span class='ocrx_word' id='word_1_151' title='bbox 1249 1401 1300 1441; x_wconf 88' lang='lat' dir='ltr'>1II</span> <span class='ocrx_word' id='word_1_152' title='bbox 1320 1400 1384 1442; x_wconf 60' lang='lat'>21¹¹</span> <span class='ocrx_word' id='word_1_153' title='bbox 1402 1403 1452 1444; x_wconf 92' lang='lat' dir='ltr'>L.</span> 
     </span>
     <span class='ocr_line' id='line_1_20' title="bbox 126 1466 1456 1523; baseline 0.001 -16"><span class='ocrx_word' id='word_1_154' title='bbox 126 1467 239 1508; x_wconf 81' lang='lat' dir='ltr'>Hanc</span> <span class='ocrx_word' id='word_1_155' title='bbox 272 1466 472 1521; x_wconf 82' lang='lat' dir='ltr'>sphaeram</span> <span class='ocrx_word' id='word_1_156' title='bbox 506 1480 595 1509; x_wconf 88' lang='lat' dir='ltr'>cum</span> <span class='ocrx_word' id='word_1_157' title='bbox 629 1467 883 1509; x_wconf 86' lang='lat' dir='ltr'>vehementer</span> <span class='ocrx_word' id='word_1_158' title='bbox 922 1468 1099 1521; x_wconf 69' lang='lat' dir='ltr'>gel-abar,</span> <span class='ocrx_word' id='word_1_159' title='bbox 1133 1481 1229 1522; x_wconf 86' lang='lat' dir='ltr'>aqua</span> <span class='ocrx_word' id='word_1_160' title='bbox 1260 1469 1456 1523; x_wconf 81' lang='lat' dir='ltr'>impleuit,</span> 
     </span>
     <span class='ocr_line' id='line_1_21' title="bbox 123 1530 1454 1585; baseline 0.002 -14"><span class='ocrx_word' id='word_1_161' title='bbox 123 1540 165 1572; x_wconf 82' lang='lat' dir='ltr'>et</span> <span class='ocrx_word' id='word_1_162' title='bbox 199 1532 332 1572; x_wconf 90' lang='lat' dir='ltr'>tubum</span> <span class='ocrx_word' id='word_1_163' title='bbox 368 1530 534 1572; x_wconf 85' lang='lat' dir='ltr'>vitreum</span> <span class='ocrx_word' id='word_1_164' title='bbox 568 1531 616 1572; x_wconf 86' lang='lat' dir='ltr'>ab</span> <span class='ocrx_word' id='word_1_165' title='bbox 647 1544 725 1572; x_wconf 82' lang='lat' dir='ltr'>vna</span> <span class='ocrx_word' id='word_1_166' title='bbox 758 1543 864 1585; x_wconf 90' lang='lat' dir='ltr'>parte</span> <span class='ocrx_word' id='word_1_167' title='bbox 882 1530 1096 1572; x_wconf 89' lang='lat' dir='ltr'>hermetice</span> <span class='ocrx_word' id='word_1_168' title='bbox 1113 1531 1280 1572; x_wconf 84' lang='lat' dir='ltr'>clausum</span> <span class='ocrx_word' id='word_1_169' title='bbox 1299 1565 1310 1585; x_wconf 83' lang='lat'>‚</span> <span class='ocrx_word' id='word_1_170' title='bbox 1352 1534 1454 1573; x_wconf 80' lang='lat' dir='ltr'>cuius</span> 
     </span>
     <span class='ocr_line' id='line_1_22' title="bbox 124 1592 1453 1650; baseline 0.001 -13"><span class='ocrx_word' id='word_1_171' title='bbox 124 1596 340 1650; x_wconf 83' lang='lat' dir='ltr'>capacitatis</span> <span class='ocrx_word' id='word_1_172' title='bbox 373 1595 579 1650; x_wconf 82' lang='lat' dir='ltr'>longitudo</span> <span class='ocrx_word' id='word_1_173' title='bbox 614 1604 696 1636; x_wconf 90' lang='lat' dir='ltr'>erat</span> <span class='ocrx_word' id='word_1_174' title='bbox 728 1592 968 1647; x_wconf 76' lang='lat' dir='ltr'>4¹¹.0¹116IV</span> <span class='ocrx_word' id='word_1_175' title='bbox 1019 1605 1060 1636; x_wconf 91' lang='lat' dir='ltr'>et</span> <span class='ocrx_word' id='word_1_176' title='bbox 1084 1596 1269 1637; x_wconf 81' lang='lat' dir='ltr'>diameter</span> <span class='ocrx_word' id='word_1_177' title='bbox 1291 1593 1453 1638; x_wconf 68' lang='lat' dir='ltr'>11116¹V.</span> 
     </span>
     <span class='ocr_line' id='line_1_23' title="bbox 124 1660 1454 1716; baseline 0.002 -17"><span class='ocrx_word' id='word_1_178' title='bbox 124 1670 170 1700; x_wconf 80' lang='lat' dir='ltr'>‘vt</span> <span class='ocrx_word' id='word_1_179' title='bbox 204 1660 426 1703; x_wconf 81' lang='lat' dir='ltr'>drachmam</span> <span class='ocrx_word' id='word_1_180' title='bbox 460 1672 578 1702; x_wconf 79' lang='lat' dir='ltr'>vnam</span> <span class='ocrx_word' id='word_1_181' title='bbox 613 1669 653 1701; x_wconf 85' lang='lat' dir='ltr'>et</span> <span class='ocrx_word' id='word_1_182' title='bbox 686 1660 753 1701; x_wconf 85' lang='lat' dir='ltr'>sex</span> <span class='ocrx_word' id='word_1_183' title='bbox 786 1673 901 1713; x_wconf 87' lang='lat' dir='ltr'>grana</span> <span class='ocrx_word' id='word_1_184' title='bbox 933 1673 1051 1716; x_wconf 84' lang='lat' dir='ltr'>aquae</span> <span class='ocrx_word' id='word_1_185' title='bbox 1081 1662 1253 1715; x_wconf 89' lang='lat' dir='ltr'>recipere</span> <span class='ocrx_word' id='word_1_186' title='bbox 1294 1660 1454 1715; x_wconf 67' lang='lat' dir='ltr'>posset,</span> 
     </span>
     <span class='ocr_line' id='line_1_24' title="bbox 125 1723 1453 1779; baseline 0.002 -15"><span class='ocrx_word' id='word_1_187' title='bbox 125 1723 278 1778; x_wconf 83' lang='lat' dir='ltr'>phialae</span> <span class='ocrx_word' id='word_1_188' title='bbox 312 1737 450 1778; x_wconf 85' lang='lat' dir='ltr'>paruae</span> <span class='ocrx_word' id='word_1_189' title='bbox 485 1726 628 1766; x_wconf 86' lang='lat' dir='ltr'>vitreae</span> <span class='ocrx_word' id='word_1_190' title='bbox 660 1725 818 1766; x_wconf 86' lang='lat' dir='ltr'>immisit</span> <span class='ocrx_word' id='word_1_191' title='bbox 837 1759 847 1778; x_wconf 85' lang='lat'>,</span> <span class='ocrx_word' id='word_1_192' title='bbox 883 1726 924 1766; x_wconf 88' lang='lat' dir='ltr'>in</span> <span class='ocrx_word' id='word_1_193' title='bbox 961 1725 1066 1766; x_wconf 84' lang='lat' dir='ltr'>cuius</span> <span class='ocrx_word' id='word_1_194' title='bbox 1098 1725 1215 1766; x_wconf 87' lang='lat' dir='ltr'>fundo</span> <span class='ocrx_word' id='word_1_195' title='bbox 1235 1738 1368 1779; x_wconf 86' lang='lat' dir='ltr'>parum</span> <span class='ocrx_word' id='word_1_196' title='bbox 1395 1739 1453 1766; x_wconf 60' lang='lat' dir='ltr'>ar»</span> 
     </span>
     <span class='ocr_line' id='line_1_25' title="bbox 122 1787 1450 1843; baseline 0.001 -15"><span class='ocrx_word' id='word_1_197' title='bbox 122 1789 232 1841; x_wconf 81' lang='lat' dir='ltr'>genti</span> <span class='ocrx_word' id='word_1_198' title='bbox 250 1789 332 1828; x_wconf 83' lang='lat' dir='ltr'>vini</span> <span class='ocrx_word' id='word_1_199' title='bbox 366 1801 456 1829; x_wconf 84' lang='lat' dir='ltr'>cum</span> <span class='ocrx_word' id='word_1_200' title='bbox 487 1787 750 1842; x_wconf 85' lang='lat' dir='ltr'>supernatante</span> <span class='ocrx_word' id='word_1_201' title='bbox 782 1790 914 1843; x_wconf 86' lang='lat' dir='ltr'>spiritu</span> <span class='ocrx_word' id='word_1_202' title='bbox 947 1790 986 1830; x_wconf 88' lang='lat' dir='ltr'>T</span> <span class='ocrx_word' id='word_1_203' title='bbox 989 1789 1250 1831; x_wconf 79' lang='lat' dir='ltr'>erebinthinae</span> <span class='ocrx_word' id='word_1_204' title='bbox 1284 1803 1353 1843; x_wconf 87' lang='lat' dir='ltr'>per</span> <span class='ocrx_word' id='word_1_205' title='bbox 1384 1790 1450 1831; x_wconf 83' lang='lat' dir='ltr'>In-</span> 
     </span>
     <span class='ocr_line' id='line_1_26' title="bbox 124 1851 1452 1907; baseline 0.002 -16"><span class='ocrx_word' id='word_1_206' title='bbox 124 1852 218 1905; x_wconf 83' lang='lat' dir='ltr'>digo</span> <span class='ocrx_word' id='word_1_207' title='bbox 252 1851 427 1893; x_wconf 81' lang='lat' dir='ltr'>colorato</span> <span class='ocrx_word' id='word_1_208' title='bbox 468 1852 659 1906; x_wconf 80' lang='lat' dir='ltr'>stagnabat</span> <span class='ocrx_word' id='word_1_209' title='bbox 677 1886 688 1906; x_wconf 82' lang='lat'>,</span> <span class='ocrx_word' id='word_1_210' title='bbox 729 1853 901 1907; x_wconf 82' lang='lat' dir='ltr'>phialam</span> <span class='ocrx_word' id='word_1_211' title='bbox 943 1854 1080 1896; x_wconf 87' lang='lat' dir='ltr'>deinde</span> <span class='ocrx_word' id='word_1_212' title='bbox 1121 1867 1208 1895; x_wconf 84' lang='lat' dir='ltr'>cum</span> <span class='ocrx_word' id='word_1_213' title='bbox 1252 1855 1347 1894; x_wconf 53' lang='lat' dir='ltr'>tabo</span> <span class='ocrx_word' id='word_1_214' title='bbox 1390 1854 1452 1894; x_wconf 79' lang='lat' dir='ltr'>vi-</span> 
     </span>
     <span class='ocr_line' id='line_1_27' title="bbox 118 1915 1451 1971; baseline 0.003 -16"><span class='ocrx_word' id='word_1_215' title='bbox 118 1923 208 1956; x_wconf 77' lang='lat' dir='ltr'>treo</span> <span class='ocrx_word' id='word_1_216' title='bbox 240 1929 357 1970; x_wconf 84' lang='lat' dir='ltr'>aquae</span> <span class='ocrx_word' id='word_1_217' title='bbox 390 1915 549 1970; x_wconf 88' lang='lat' dir='ltr'>sphaera</span> <span class='ocrx_word' id='word_1_218' title='bbox 564 1916 681 1957; x_wconf 86' lang='lat' dir='ltr'>ferrea</span> <span class='ocrx_word' id='word_1_219' title='bbox 714 1927 920 1959; x_wconf 83' lang='lat' dir='ltr'>contentae</span> <span class='ocrx_word' id='word_1_220' title='bbox 953 1918 1151 1960; x_wconf 83' lang='lat' dir='ltr'>immersit.</span> <span class='ocrx_word' id='word_1_221' title='bbox 1217 1919 1306 1960; x_wconf 67' lang='lat' dir='ltr'>Hoc</span> <span class='ocrx_word' id='word_1_222' title='bbox 1349 1918 1451 1971; x_wconf 58' lang='lat' dir='ltr'>facto</span> 
     </span>
     <span class='ocr_line' id='line_1_28' title="bbox 120 1979 1452 2034; baseline 0.003 -14"><span class='ocrx_word' id='word_1_223' title='bbox 120 1979 301 2022; x_wconf 83' lang='lat' dir='ltr'>foramini</span> <span class='ocrx_word' id='word_1_224' title='bbox 312 1979 488 2034; x_wconf 86' lang='lat' dir='ltr'>sphaerae</span> <span class='ocrx_word' id='word_1_225' title='bbox 506 1981 644 2022; x_wconf 77' lang='lat' dir='ltr'>ferreae</span> <span class='ocrx_word' id='word_1_226' title='bbox 654 1981 799 2034; x_wconf 86' lang='lat' dir='ltr'>lignum</span> <span class='ocrx_word' id='word_1_227' title='bbox 818 1982 973 2024; x_wconf 63' lang='lat' dir='ltr'>densim]</span> <span class='ocrx_word' id='word_1_228' title='bbox 992 1984 1064 2023; x_wconf 89' lang='lat' dir='ltr'>rite</span> <span class='ocrx_word' id='word_1_229' title='bbox 1083 1992 1274 2023; x_wconf 57' lang='lat' dir='ltr'>tornatum</span> <span class='ocrx_word' id='word_1_230' title='bbox 1296 1983 1452 2025; x_wconf 57' lang='lat' dir='ltr'>immisit</span> 
     </span>
     <span class='ocr_line' id='line_1_29' title="bbox 122 2044 1451 2101; baseline 0.004 -17"><span class='ocrx_word' id='word_1_231' title='bbox 122 2052 162 2084; x_wconf 85' lang='lat' dir='ltr'>et</span> <span class='ocrx_word' id='word_1_232' title='bbox 177 2057 254 2098; x_wconf 91' lang='lat' dir='ltr'>ope</span> <span class='ocrx_word' id='word_1_233' title='bbox 273 2044 391 2098; x_wconf 85' lang='lat' dir='ltr'>praeli</span> <span class='ocrx_word' id='word_1_234' title='bbox 407 2044 746 2099; x_wconf 43' lang='lat' dir='ltr'>adegitssfortissime</span> <span class='ocrx_word' id='word_1_235' title='bbox 765 2079 776 2098; x_wconf 79' lang='lat'>,</span> <span class='ocrx_word' id='word_1_236' title='bbox 810 2046 917 2100; x_wconf 85' lang='lat' dir='ltr'>ligno</span> <span class='ocrx_word' id='word_1_237' title='bbox 953 2048 1056 2101; x_wconf 85' lang='lat' dir='ltr'>prius</span> <span class='ocrx_word' id='word_1_238' title='bbox 1089 2049 1249 2087; x_wconf 59' lang='lat' dir='ltr'>maceria</span> <span class='ocrx_word' id='word_1_239' title='bbox 1284 2060 1334 2087; x_wconf 74' lang='lat' dir='ltr'>ex</span> <span class='ocrx_word' id='word_1_240' title='bbox 1369 2061 1451 2089; x_wconf 86' lang='lat' dir='ltr'>ma-</span> 
     </span>
     <span class='ocr_line' id='line_1_30' title="bbox 121 2108 1449 2164; baseline -0.001 -12"><span class='ocrx_word' id='word_1_241' title='bbox 121 2108 216 2164; x_wconf 77' lang='lat' dir='ltr'>stige</span> <span class='ocrx_word' id='word_1_242' title='bbox 235 2142 246 2163; x_wconf 78' lang='grc'>,</span> <span class='ocrx_word' id='word_1_243' title='bbox 281 2121 366 2151; x_wconf 84' lang='lat' dir='ltr'>cera</span> <span class='ocrx_word' id='word_1_244' title='bbox 400 2118 440 2151; x_wconf 88' lang='lat' dir='ltr'>et</span> <span class='ocrx_word' id='word_1_245' title='bbox 469 2110 750 2153; x_wconf 85' lang='lat' dir='ltr'>Terebinthina</span> <span class='ocrx_word' id='word_1_246' title='bbox 789 2122 918 2164; x_wconf 77' lang='lat' dir='ltr'>parata</span> <span class='ocrx_word' id='word_1_247' title='bbox 944 2111 1129 2155; x_wconf 62' lang='lat' dir='ltr'>obducto.</span> <span class='ocrx_word' id='word_1_248' title='bbox 1167 2112 1344 2153; x_wconf 53' lang='lat' dir='ltr'>Tandem</span> <span class='ocrx_word' id='word_1_249' title='bbox 1365 2125 1449 2151; x_wconf 80' lang='lat' dir='ltr'>ma-</span> 
     </span>
    </p>

    <p class='ocr_par' dir='ltr' id='par_1_5' title="bbox 702 2174 1450 2225">
     <span class='ocr_line' id='line_1_31' title="bbox 702 2174 1450 2225; baseline -0.001 -8"><span class='ocrx_word' id='word_1_250' title='bbox 702 2174 752 2217; x_wconf 87' lang='lat' dir='ltr'>M</span> <span class='ocrx_word' id='word_1_251' title='bbox 765 2188 813 2218; x_wconf 66' lang='lat' dir='ltr'>‚m</span> <span class='ocrx_word' id='word_1_252' title='bbox 835 2185 859 2225; x_wconf 75' lang='lat'><strong>3</strong></span> <span class='ocrx_word' id='word_1_253' title='bbox 1356 2176 1450 2217; x_wconf 81' lang='lat' dir='ltr'>teria</span> 
     </span>
    </p>
   </div>
  </div>
 </body>
</html>
