1820 2506
440 196 523 240 DE
555 197 616 244 Vt
646 196 817 242 AERIS
849 193 1158 242 ELASTICA.
1375 191 1467 250 307·

144 322 237 363 dum
271 316 551 375 longitudinem
585 318 716 372 tubuli,
749 329 794 359 vt
815 318 854 359 in
887 316 1015 372 figuris
1053 331 1092 357 2.
1119 327 1237 371 3,4,
1257 315 1470 357 ostenditur

144 387 253 428 lineis
286 399 386 427 mm.
456 385 542 426 Post
575 385 794 438 ruptionem
828 383 1013 438 reliquum
1048 395 1165 438 aquae
1199 380 1397 434 effluebat,
1430 388 1470 420 et

147 452 350 492 cauitatem
383 464 403 492 c
440 449 687 504 relinquebat.

286 515 319 563 ξ.
370 526 409 564 5.
454 514 684 556 Huiusmodi
724 512 932 567 globorum
973 513 1187 553 vitreorum
1242 511 1438 551 maximus
1456 542 1468 561 ‚

145 591 262 632 quem
298 578 535 620 adhibuimus
554 612 564 630 ,
601 577 763 617 habebat
780 578 1007 618 diametrum
1030 579 1087 616 26
1105 577 1293 617 linearum
1318 574 1472 616 Parisini

147 643 261 696 Regii
296 643 431 697 pedis,
478 643 664 682 diameter
707 642 873 682 cauitatis
915 651 994 682 erat
1029 649 1051 684 8
1088 637 1276 681 linearum
1295 673 1306 692 ,
1350 637 1472 678 crusta

147 707 308 761 glacialis
331 713 371 753 1}
399 706 516 747 lineas
541 706 691 745 circiter
715 705 829 746 craffa
857 705 974 753 (hanc
993 705 1209 747 mensurare
1235 717 1325 744 cum
1344 703 1472 743 debita

147 772 382 811 accuratione
415 783 494 810 non
530 770 724 823 potuimus
757 771 810 811 ob
841 772 1122 825 inaequalitates
1142 788 1157 821 ,ff
1194 782 1284 824 quas
1310 768 1471 808 effluen

146 836 192 875 tis
223 847 275 874 ex
309 835 441 875 medio
475 849 495 876 c
528 834 692 874 residuae
736 848 851 889 aquae
893 836 1084 889 repertina
1133 835 1179 874 ad
1223 833 1341 887 ipstim
1383 844 1472 872 cru-

146 899 240 939 stam
293 900 518 953 congelatio
538 932 548 951 ,
599 899 826 952 praesertim
868 900 909 938 in
943 909 1051 952 parte
1095 899 1284 938 interiore
1326 896 1472 936 crustae

143 963 378 1017 produxerat
412 998 422 1016 ‚
491 974 530 1003 et
573 963 780 1004 crafficiem
839 963 936 1003 illius
992 962 1149 1015 augebat
1187 976 1198 1016 ·‚
1257 951 1474 1002 maximain

143 1035 270 1067 tamen
291 1061 301 1079 ‚
336 1041 450 1082 quam
482 1027 564 1068 fieri
599 1028 754 1081 potuit,
790 1027 852 1067 hic
894 1024 1132 1083 affumimus)
1181 1026 1352 1079 adeoque
1394 1025 1475 1064 dia—

143 1101 270 1132 meter
299 1094 465 1132 cauitatis
495 1093 534 1132 in
570 1092 689 1133 crusta
722 1101 800 1131 erat
847 1101 868 1139 5
907 1092 1106 1131 linearum.
1174 1091 1277 1132 Hinc
1311 1102 1382 1142 per
1399 1088 1475 1130 cal-

142 1156 270 1196 culum
290 1156 486 1195 deducitur
513 1156 669 1209 planum
710 1155 901 1207 ruptionis
924 1188 934 1207 ,
973 1164 1144 1208 excepto
1175 1153 1329 1205 tubulo,
1364 1150 1476 1193 fuiffe

148 1227 238 1269 480
262 1218 376 1260 lineas
394 1219 588 1273 quadratas
607 1253 616 1271 ‚
649 1219 808 1273 planum
827 1219 957 1259 circuli
984 1220 1148 1260 maximi
1167 1252 1178 1272 ,
1213 1231 1326 1273 quem
1362 1217 1478 1258 habe-
1524 1264 1528 1265 ⁷

147 1296 188 1323 re
224 1283 335 1324 debet
387 1284 522 1337 globus
574 1297 626 1324 ex
677 1284 795 1324 crusta
830 1283 980 1336 glaciali
1031 1282 1217 1324 formatus
1240 1317 1249 1336 ,
1304 1296 1355 1333 41
1406 1282 1474 1322 lin.

150 1348 360 1401 quadratas.
400 1346 606 1400 Cylindrus
630 1349 775 1389 vitreus
801 1354 850 1397 {35
876 1348 1026 1402 pollicis
1052 1349 1229 1391 Rhenani
1267 1357 1399 1401 ruptus
1425 1346 1478 1387 est

154 1424 171 1450 1
185 1425 237 1462 50
256 1409 431 1468 libris(*)
443 1414 543 1453 vnde
562 1426 631 1467 per
648 1413 835 1453 calculum
855 1413 1053 1453 deducitur
1071 1413 1290 1465 cylindrum
1311 1412 1480 1452 vitreum

153 1491 171 1516 1
208 1477 393 1530 pollicem
422 1479 589 1530 Regium
618 1478 823 1518 Parifinum
852 1479 889 1517 in
907 1479 1097 1518 diametro
1120 1478 1329 1518 habentem
1350 1475 1480 1528 rumpi

145 1541 283 1581 debere
302 1541 547 1595 25721ibri53
570 1542 741 1595 adeoque
761 1542 992 1593 cylindrum,
1006 1543 1109 1581 cuius
1127 1542 1283 1595 planum
1294 1540 1481 1593 ruptionis

146 1605 198 1646 est
218 1613 307 1655 480
331 1606 528 1660 linquud
550 1607 770 1659 ruptionem
792 1607 981 1659 requirere
1001 1606 1113 1646 libras
1141 1619 1192 1648 10
1201 1616 1284 1655 925
1310 1606 1475 1644 circiter.

288 1671 321 1720 ξ.
354 1675 396 1711 6.
432 1669 472 1711 Si
506 1684 599 1725 aqua
634 1672 781 1723 integra
812 1671 851 1710 in
884 1671 1043 1710 cauitate
1083 1670 1187 1724 globi
1230 1670 1343 1709 vitrei
1386 1681 1479 1708 con-

147 1733 305 1787 glaciata
337 1733 459 1776 fuifl‘et
479 1767 489 1784 ,
525 1736 583 1775 vis
617 1736 748 1789 glaciei
782 1735 1021 1789 disrumpens
1039 1735 1265 1776 aestimanda
1291 1733 1390 1773 thret
1409 1746 1480 1772 ex-

149 1797 267 1851 plano
307 1799 435 1839 circuli
479 1800 678 1840 cauitatem
715 1799 904 1853 integram
940 1800 1110 1841 biffiriam
1153 1799 1385 1851 diuidenri53
1422 1796 1482 1838 sed

151 1861 331 1915 quoniam
351 1863 389 1902 in
409 1863 541 1903 medio
562 1864 736 1903 remansit
752 1878 847 1918 siqua
865 1878 884 1904 a
906 1865 1213 1918 conglaciatione
1230 1863 1367 1913 libem,
1384 1875 1482 1911 quae

152 1926 292 1966 idcirco
310 1940 388 1967 non
407 1927 639 1981 producebat
658 1941 798 1978 aerem,
820 1942 886 1968 nec
906 1930 1041 1982 agebat
1061 1931 1098 1969 in
1117 1930 1276 1980 vitrum3
1298 1927 1484 1967 acstssmari

152 2003 247 2043 ergo
266 1992 324 2030 vis
341 2005 451 2045 agens
471 1992 592 2044 debet,
603 1993 775 2046 explano
785 1993 915 2032 circuli
936 1995 1240 2046 maximi‚quem
1261 1991 1397 2032 habere
1416 1991 1482 2031 de-

154 2054 217 2094 bet
238 2055 373 2108 globus
382 2069 434 2096 ex
452 2057 567 2097 crusta
587 2057 735 2110 glaciali
755 2057 952 2111 formatus,
964 2058 1068 2113 quod
1087 2058 1139 2099 est
1149 2057 1367 2112 aequale41
1385 2057 1482 2096 line-

762 2123 844 2179 Qq
867 2135 889 2160 2
1450 2123 1480 2160 is

197 2202 242 2243 ζ’)
265 2191 493 2236 Mixscheiibroeck
516 2209 545 2236 in
579 2211 650 2238 notis
674 2194 907 2249 aii-expeiimcnte
936 2213 1093 2240 Academiae
1118 2210 1171 2240 del'
1187 2211 1313 2241 cimento
1336 2220 1362 2248 p„
1409 2209 1441 2237 P.
