1820 2506
320 166 788 224 OBSERVATIONES
816 171 1216 223 ANAmmCAE
1355 181 1452 232 367

126 295 246 341 seclae
263 327 276 350 ,
309 306 476 352 ponunt,
509 296 674 339 meliore
692 306 784 338 curn·
800 303 952 337 ratione
967 307 1092 339 errare
1107 330 1120 350 ,
1154 294 1303 353 quoties
1335 308 1466 341 nemae

125 374 178 418 pe
211 359 466 403 dissecuerunt
498 362 677 402 cadauera
695 394 705 412 ,
739 374 905 415 quorum·
938 363 1170 416 pulmonum
1202 373 1373 403 concaua
1389 365 1449 404 fu·

123 425 300 481 perficies
340 425 457 481 plane
488 436 669 466 concreta
700 435 780 465 erat
810 434 898 466 cnm
932 426 1147 480 pericardio
1165 459 1177 479 ,
1209 436 1249 467 et
1278 435 1363 468 tum
1398 435 1447 468 vt

123 489 336 544 plurimum
368 501 458 530 cum
491 501 662 530 concaua
695 488 860 530 thoracis
881 522 891 541 ‚
925 492 983 530 sua
1001 490 1262 531 conuexitate.
1331 490 1452 531 Praeae

122 562 182 593 ter
205 554 353 594 etenim
394 553 517 593 casum
537 585 548 605 ‚
581 564 696 607 quem
748 552 1012 595 obsenmtione
1062 555 1192 608 quinta
1241 552 1414 595 describo
1431 584 1455 608 r

121 616 294 658 occurrit
331 616 552 670 nuperrime
583 617 625 656 in
658 614 824 657 dissecto
853 619 1041 658 cadaueri<
1083 618 1242 671 petitore
1260 650 1272 670 ,
1314 618 1451 660 sterno*

122 681 234 722 valde
266 680 398 735 gracili
431 679 582 720 eleuato
600 711 611 733 ,
646 690 808 734 vterque
841 681 978 734 pulmo
1012 681 1214 722 are‘tiffime
1245 693 1335 722 curn·
1369 694 1441 736 pe·

119 744 286 785 ricardio
316 753 357 784 et
396 743 525 797 pleura
566 754 766 784 concretus
785 776 796 796 ,
832 755 877 784 vt
919 744 1032 785 nullo
1069 746 1192 787 modo
1226 746 1411 799 collapsus
1428 778 1442 800 ,

117 807 399 861 plenitudinem
443 806 641 860 thoracis,
691 817 731 847 et
770 808 867 848 ae'ris
911 807 1039 849 fietitii
1090 808 1297 850 absentiam
1355 810 1445 862 pul-

115 869 305 912 cherrime
337 870 556 912 declararet.
621 871 847 924 Apparebat
882 871 947 911 hic
967 904 978 923 ,
1010 873 1192 925 quan-tilla
1225 873 1270 913 fit
1302 873 1444 914 distan·

114 934 166 974 tia
216 935 439 976 intermedia
480 935 718 975 decernentis
760 934 1009 986 mediastini,
1056 936 1158 975 adeo
1194 936 1350 988 quidem
1393 945 1440 978 vt

110 997 251 1052 pulmo
282 998 513 1053 pulmonem
546 995 625 1038 fere
655 997 855 1050 attingeret
873 998 997 1038 limbo
1031 997 1100 1038 suo
1115 1031 1128 1051 ,
1162 1009 1243 1051 quo
1273 999 1438 1041 alterum

108 1072 132 1102 a
165 1061 295 1115 iugulo
326 1062 374 1103 ad
407 1060 583 1102 infimam
618 1071 766 1114 partem
793 1061 902 1101 sterni
934 1061 1101 1118 respicit.
1169 1059 1271 1103 Cum
1304 1071 1439 1104 autem

107 1124 150 1165 in
181 1125 247 1165 tali
288 1124 527 1178 separatione
568 1125 771 1164 adhibetur
808 1123 982 1164 cultellus
1000 1157 1012 1176 ,
1051 1134 1093 1164 et
1126 1124 1236 1165 facile
1274 1126 1442 1167 laeditur·¹

108 1187 334 1229 membrana
353 1187 553 1241 pericardii
587 1187 765 1241 pulmoni
799 1197 945 1228 acereta
964 1221 975 1239 ,
1009 1187 1187 1241 inprimis
1230 1188 1272 1228 in
1297 1189 1435 1231 elenau

106 1250 162 1292 do
182 1251 310 1292 sterno
332 1251 468 1291 itidem
486 1261 676 1292 concreto
693 1284 704 1303 ,
737 1251 765 1292 fi
789 1249 887 1291 forte
922 1260 1003 1291 tota
1038 1251 1133 1292 haec
1175 1252 1408 1294 descinditnr
1422 1285 1441 1308 ‚

105 1323 146 1355 et
178 1327 268 1356 cum
301 1314 553 1369 pulmonibus
568 1349 580 1369 ,
612 1315 745 1370 quibus
762 1313 976 1355 firmiffime
1008 1315 1203 1368 adhaeret,
1229 1316 1402 1358 eleuatur
1418 1349 1434 1371 ,

103 1389 234 1420 reuera
267 1387 429 1433 apparet
478 1391 551 1420 cor
595 1379 697 1434 quafi
747 1379 848 1419 inter
895 1378 1156 1433 politissimam
1191 1378 1434 1434 superficiem

101 1442 336 1496 pulmonum
388 1443 533 1484 nudum
553 1453 593 1484 et
624 1443 802 1484 liberum.
870 1442 1065 1484 Prudentis
1083 1455 1212 1485 tamen
1248 1455 1339 1485 tun-c·
1372 1444 1430 1487 est

99 1505 142 1546 in
193 1518 278 1547 rem
332 1507 486 1548 vlterius
538 1508 729 1562 inquirere
749 1537 761 1557 ,
795 1515 835 1547 et
853 1539 863 1558 ,
898 1510 1105 1561 quomodo
1152 1506 1239 1548 vala
1271 1506 1344 1548 {ese
1375 1509 1426 1551 ad

99 1569 309 1624 pulmones
340 1581 383 1612 et
413 1571 601 1625 reliquum
635 1583 774 1624 corpus
799 1570 967 1611 habeant
982 1602 995 1623 ,
1029 1572 1253 1612 examinare
1284 1582 1326 1613 et
1355 1573 1428 1613 de·

97 1631 257 1676 stribere
278 1667 291 1688 ,
324 1644 526 1690 antequam
559 1634 777 1676 concludat.

216 1697 272 1739 Et
300 1697 364 1740 hic
398 1699 502 1740 castis
532 1698 712 1750 videtur,
745 1697 810 1752 qui
843 1696 977 1739 fefellit
1017 1696 1310 1740 celeberrimum
1351 1697 1421 1743 Du

98 1759 247 1801 Vernoi
297 1762 338 1801 in
379 1762 586 1815 elephante
603 1795 614 1815 ,
649 1763 715 1804 vbi
749 1774 858 1803 error
898 1774 947 1802 eo
971 1763 1153 1815 craffior,
1186 1776 1266 1817 quo
1297 1764 1422 1806 bellua

98 1825 256 1878 maior,
292 1837 383 1866 nam
424 1824 518 1865 licet
547 1827 587 1866 in
619 1826 704 1868 aliis
736 1826 831 1867 bene
869 1826 1023 1867 meritus
1054 1828 1129 1866 Vir
1171 1838 1307 1880 putet,
1343 1827 1423 1869 effe

95 1887 348 1941 incredibile,
390 1887 536 1943 lapsum
577 1887 688 1943 poffe
736 1890 931 1931 committi
971 1891 1012 1931 in
1052 1904 1096 1932 re
1128 1899 1210 1932 tam
1252 1893 1419 1933 euidenti

98 1960 138 1991 et
179 1950 308 2003 facili,
347 1952 395 1993 ad
433 1965 547 2007 quam
592 1952 714 1994 oculis
751 1961 900 1994 tantum
944 1965 1044 2008 opus
1083 1955 1135 1995 est
1168 1957 1338 2008 apertis,
1374 1966 1421 1997 vt

96 2015 151 2056 est
192 2015 395 2057 existentia
432 2017 634 2071 pericardii
678 2026 718 2058 et
750 2017 967 2059 mediastini
985 2050 997 2071 ,
1041 2016 1103 2074 (1)
1134 2020 1250 2060 credo
1284 2029 1417 2062 tamen

1377 2092 1420 2123 et:

97 2167 154 2208 (a)
176 2168 303 2200 comem.
327 2169 433 2212 Peuop.
453 2170 537 2202 Tou.
557 2172 593 2202 ιι
619 2180 681 2212 pag,
710 2171 791 2211 289.
