1820 2506
390 222 478 253 200
545 206 887 257 ΤΕΝΤΑΜΕΝ
919 208 1126 257 LEGEM
1154 206 1630 258 EVAPORATIONIS
1687 210 1707 257 *4
1753 177 1758 180 ¹

385 326 493 366 nibus
534 327 709 380 paribus,
753 327 895 381 aequali
938 335 1116 377 tempore
1155 335 1389 378 euaporare,
1419 327 1706 381 euaporationes

385 391 636 443 inaequalibus
668 404 765 431 vero
800 389 1032 442 temporibus
1064 387 1136 428 effe
1168 389 1206 428 in
1226 388 1367 428 ratione
1399 397 1636 445 temporum.

523 455 558 503 ξ.
581 468 623 506 4.
668 453 709 496 Si
751 466 844 494 vero
884 461 1059 505 tempora
1102 461 1142 491 et
1172 461 1317 492 caetera
1350 453 1482 493 omnia
1514 463 1706 507 ponuntur

384 517 552 571 aequalia
592 526 737 572 praeter
764 514 987 557 differentias
1018 517 1114 555 inter
1145 516 1374 570 temperiem
1406 527 1522 569 aquae
1551 527 1590 559 et
1614 519 1710 559 a'etis

385 582 557 622 nondum
602 581 696 621 sorte
738 580 928 621 affirmare
960 579 1087 620 licebit
1122 580 1405 633 euaporationes
1445 579 1516 618 effe
1550 582 1588 620 in
1621 583 1708 624 rati-

384 658 459 686 one
493 644 785 685 differentiarum
818 644 915 685 inter
944 643 1172 697 temperiem
1205 655 1321 697 aquae
1363 652 1400 682 et
1435 644 1542 683 ae‘ris.
1594 644 1710 701 Quod

383 709 412 750 fi
443 709 589 749 obtinet
609 741 619 760 ,
661 708 946 762 euaporationcs
995 706 1230 760 temporibus
1272 706 1520 760 inaequalibus
1560 716 1600 748 et
1637 707 1710 749 dif-

383 771 548 813 ferentiis
597 772 708 813 distis
756 773 896 826 pariter
938 770 1185 825 inaequalibus
1201 803 1212 821 ‚
1257 772 1409 811 caeteris
1448 783 1541 811 vero
1581 772 1710 812 omni·

385 836 452 877 bus
483 837 643 891 paribus,
675 846 783 876 erunt
815 836 872 876 vti
891 834 1006 887 spatia
1040 834 1228 887 logisticae
1246 865 1257 885 ,
1288 835 1394 874 cuius
1424 833 1710 876 semiordinatae

384 909 576 953 ponuntur
606 901 646 940 in
679 900 824 941 ratione
856 897 1150 940 differentiarum
1184 897 1371 940 dietarum
1404 908 1445 938 et
1477 896 1643 940 absciffae
1667 899 1710 941 in

380 964 530 1005 ratione
563 973 799 1018 temporum.

532 1027 566 1077 ξ.
593 1037 631 1077 5.
668 1028 832 1068 Ponatur
872 1026 1058 1080 logisticae
1097 1025 1181 1066 axis
1210 1023 1287 1066 AC
1306 1058 1318 1078 ,
1348 1028 1449 1069 cuius
1489 1036 1612 1081 partes
1644 1040 1710 1069 ae-

385 1094 511 1145 quales
543 1091 764 1145 exprimant
797 1100 975 1144 tempora
1008 1090 1173 1143 aequalia
1192 1123 1204 1141 ,
1236 1089 1366 1144 quibus
1397 1092 1619 1145 euaporatio
1651 1092 1714 1147 fit·,

385 1154 651 1194 semiordinata
684 1151 760 1193 AB
792 1154 985 1205 exprimat
1011 1153 1262 1194 differentiam
1282 1153 1464 1196 initialem
1499 1156 1592 1196 inter
1609 1163 1707 1196 tem-

385 1218 537 1272 periem
569 1228 686 1271 aquae
720 1224 759 1256 et
791 1217 887 1257 aeris
916 1228 1010 1269 aqua
1040 1214 1270 1270 frigidiori83
1302 1215 1484 1257 decrescet
1517 1229 1634 1271 aquae
1650 1230 1707 1260 ca-

383 1281 445 1323 lor
477 1281 517 1321 in
549 1283 632 1321 a'e'ie
666 1278 850 1334 frigidiori
883 1279 1085 1320 constantis
1117 1279 1345 1333 temperiei,
1379 1281 1436 1320 vti
1469 1279 1710 1323 semiordina-

384 1353 444 1386 tae
493 1345 679 1400 logisticae
730 1343 972 1396 decrescunt,
1015 1352 1055 1384 et
1087 1344 1156 1384 erit
1187 1343 1274 1398 post
1306 1351 1458 1397 tempus
1498 1344 1570 1386 AF
1604 1345 1710 1386 diffe-

383 1411 504 1452 rentia
554 1410 651 1450 inter
700 1409 934 1463 temperiem
988 1420 1106 1462 aquae
1157 1416 1197 1447 et
1229 1407 1324 1448 ae‘ris
1355 1409 1413 1448 vti
1446 1406 1710 1452 semiordinata

383 1470 458 1516 FG
488 1482 527 1514 et
556 1474 777 1527 euaporatio
816 1482 893 1513 tota
924 1471 1009 1526 post
1042 1471 1148 1512 idem
1179 1480 1330 1525 tempus
1370 1472 1426 1512 vti
1461 1471 1620 1526 spatium
1652 1473 1709 1515 lo-

383 1537 535 1591 gisticae
568 1533 749 1590 ABFG3
784 1536 870 1589 post
902 1545 1054 1588 tempus
1086 1532 1162 1576 AC
1195 1547 1292 1574 vero
1324 1535 1396 1575 erit
1414 1535 1621 1577 differentia
1654 1537 1711 1576 in-

385 1609 443 1643 ter
475 1601 704 1656 temperiem
747 1611 860 1653 aquae
893 1608 931 1639 et
959 1599 1053 1639 ae'ris
1084 1598 1146 1640 vti
1177 1594 1256 1638 CD
1288 1606 1327 1637 et
1357 1599 1576 1652 euaporatio
1609 1608 1710 1640 tota·

382 1664 431 1707 lis
463 1665 546 1718 post
586 1666 692 1706 idem
734 1673 885 1717 tempus
924 1663 982 1703 vti
1015 1660 1174 1716 spatium
1206 1661 1396 1715 logisticae
1428 1659 1598 1704 ABCD.
1667 1661 1710 1705 Si

385 1741 486 1770 nunc
519 1728 705 1783 logisticae
737 1727 956 1779 subtangens
980 1760 991 1779 ‚
1025 1739 1118 1780 quae
1151 1725 1204 1766 est
1223 1725 1391 1765 constans
1420 1726 1572 1780 ponitur
1601 1740 1708 1781 za,

387 1793 461 1833 erit
495 1792 654 1846 spatium
696 1788 845 1833 ABFG
870 1803 971 1832 :a
1005 1785 1255 1846 (AB-PG)
1290 1797 1329 1828 et
1359 1787 1518 1841 spatium
1552 1789 1709 1832 ABCD

385 1853 779 1912 :a(AB—-CD).
847 1852 1009 1910 Conseq.
1043 1850 1210 1895 ABFG:
1245 1850 1709 1898 ABCDzAB-FG:

387 1919 465 1963 AB
485 1944 523 1950 -
540 1918 652 1975 CD3
687 1920 712 1960 i.
743 1932 778 1960 e.
822 1919 1116 1973 Euaporationes
1148 1925 1255 1958 erunt
1287 1917 1346 1957 vti
1377 1916 1608 1958 differentiae
1636 1919 1709 1960 dit-

389 1984 627 2026 ferentiarum
669 1985 768 2024 inter
808 1984 1039 2040 temperiem
1079 1993 1194 2039 aquae
1232 1988 1273 2022 et
1304 1982 1399 2022 a‘e'ris
1430 1981 1579 2024 diuersis
1609 1989 1706 2024 tem-

390 2060 530 2104 porum
563 2048 772 2091 interuallis.

1601 2177 1638 2225 §-
1658 2178 1702 2216 6.
