1820 2506
891 137 924 201 l(
956 149 1014 191 72
1048 139 1082 198 )(

334 254 573 316 potissimum
605 253 646 299 in
675 252 821 310 finem,
855 264 901 297 vt
918 255 959 297 in
976 251 1215 309 sequentibus
1246 252 1293 296 ad
1309 251 1411 296 hanc
1443 253 1637 311 descripti-

335 337 454 366 onem
490 323 652 363 lectores
683 321 853 374 ablegare
884 319 1009 374 possit.
1075 317 1179 358 Hinc
1196 319 1441 370 quadrantem
1461 333 1552 360 cum
1574 323 1639 361 suo

335 399 464 428 errore
482 418 493 438 ‚
535 385 784 438 horologium
825 383 1095 424 oscillatorium
1115 413 1128 432 ,
1170 392 1243 421 nec
1275 393 1356 421 non
1388 382 1639 437 telescopium

337 451 654 503 catadioptricum
686 446 968 501 Gregorianum
1002 457 1093 486 cum
1126 441 1194 485 suis
1225 443 1384 499 speculis
1412 455 1453 486 et
1482 446 1643 488 oculari-

337 515 405 556 bus
447 513 523 555 suse
564 513 735 554 describit
753 543 765 563 ‚
804 509 990 564 simulque
1030 507 1237 562 indigitat,
1277 521 1355 563 quo
1387 519 1569 564 apparatu
1602 512 1643 551 in

336 578 574 632 sequentibus
613 572 930 617 obseruationibus
967 571 1164 626 eclipfium
1195 571 1404 614 Iouialium
1451 572 1535 613 vfiis
1571 573 1615 615 sit
1630 606 1644 627 ,

337 641 479 682 scilicet
521 653 571 681 eo
590 672 601 692 ,
642 651 721 693 quo
762 649 833 692 per
875 636 1126 691 telescopium
1167 635 1311 677 obiecti
1350 636 1536 677 diameter
1572 646 1644 686 52.

341 705 485 747 vicibus
524 704 649 746 maior
689 710 868 756 appareat
885 734 896 755 ‚
939 713 1055 755 quam
1096 700 1200 740 nudo
1239 699 1354 740 oculo
1374 732 1386 753 ‚
1426 713 1542 756 quem
1583 700 1649 744 vel

340 770 431 810 ideo
464 768 622 822 elegerit
642 799 653 819 ,
686 766 872 821 quoniam
904 764 945 804 in
978 763 1056 805 hoe
1088 763 1182 804 statu
1211 764 1428 805 maximam
1468 764 1562 805 lucis
1594 765 1647 805 sa-

342 833 503 874 tellitum
539 832 694 886 copiam
728 829 912 881 obtinuit,
946 828 992 868 ad
1025 840 1138 882 quam
1171 827 1435 868 conditionem
1451 827 1649 882 respicien-

340 897 434 938 dum
467 906 547 936 erat
566 928 576 947 ‚
610 907 701 936 cum
735 894 775 933 in
808 891 866 933 his
899 891 1217 932 obseruationibus
1250 890 1395 944 Iupiter
1424 892 1649 946 plerumque

342 961 399 1011 in,
416 960 558 1000 vicinia
590 957 804 999 horizontis
834 954 1046 998 versaretur
1063 987 1075 1007 ‚
1107 964 1146 995 et
1179 954 1336 995 altitudo
1355 956 1566 997 meridiana
1581 954 1651 996 Io-

344 1024 402 1063 vis
436 1024 507 1063 vix
544 1029 613 1064 18.
651 1021 783 1075 gradus
815 1019 1000 1073 superauit
1018 1052 1029 1072 ,
1065 1017 1223 1071 figuram
1258 1027 1388 1060 tamen
1421 1018 1525 1059 Iouis
1558 1031 1651 1059 oua·

345 1088 422 1128 lem
454 1086 575 1127 fascias
605 1095 719 1140 atque
751 1083 925 1124 satellites
958 1082 1062 1123 Iouis
1094 1080 1131 1122 se
1161 1081 1436 1123 distinetiffime
1468 1082 1545 1122 hoc
1582 1081 1651 1123 suo

343 1160 527 1206 apparatu
556 1150 668 1191 coelo
699 1148 829 1189 sereno
865 1144 1001 1187 vidiffe
1035 1145 1188 1186 testatur
1218 1146 1280 1187 vir
1311 1143 1554 1187 Clariffnnus.

458 1213 613 1254 Deinde
647 1221 807 1265 quatuor
839 1210 1066 1251 emerfiones
1098 1210 1136 1250 d.
1176 1218 1247 1258 27.
1280 1208 1368 1249 Iun.
1410 1223 1454 1260 4.
1499 1220 1573 1249 20.
1614 1216 1654 1249 et

345 1287 418 1327 27.
452 1276 542 1318 Iulii
562 1275 771 1316 obseruatas
788 1273 975 1327 adducit·⁷
1010 1284 1129 1326 porro
1162 1271 1439 1313 obseruationes
1470 1272 1656 1313 eleuatio-

345 1342 403 1382 nis
437 1341 520 1394 poli
556 1338 754 1392 Lipsiensis
785 1337 1025 1390 reipicientes
1044 1368 1055 1387 ,
1089 1336 1230 1387 partim
1265 1348 1316 1375 ex
1350 1336 1546 1375 altitudine
1570 1336 1654 1376 solis

344 1405 445 1445 circa
478 1395 676 1444 solstitium
695 1434 706 1453 ,
741 1401 882 1454 partim
915 1411 967 1439 ex
1005 1398 1259 1438 altitudinibus
1297 1398 1567 1439 nonnullarum
1607 1398 1656 1439 fi-

344 1481 483 1510 xarum
515 1469 659 1519 sumpta
693 1464 947 1505 declinatione
987 1463 1207 1502 earumdem
1225 1473 1246 1501 e
1262 1462 1438 1515 catalogo
1453 1462 1595 1503 Halleii
1614 1470 1655 1503 et

347 1529 503 1572 Caffinii
535 1529 678 1579 affert,
712 1528 957 1580 mediamque
997 1525 1187 1579 quandam
1227 1525 1485 1567 eleuationem
1527 1537 1579 1566 ex
1611 1526 1657 1566 iis

343 1595 494 1637 deducit
512 1628 523 1647 ‚
558 1606 676 1649 quam
707 1604 797 1632 cum
838 1589 1115 1630 eleuationibus
1153 1601 1176 1630 a
1221 1589 1372 1643 reliquis
1409 1589 1656 1630 Astronomis

344 1669 407 1701 aut
436 1659 553 1712 captis
570 1691 581 1710 ,
615 1666 678 1697 aut
697 1656 736 1695 in
761 1654 980 1707 catalogum
999 1652 1243 1693 latitudinum
1271 1653 1420 1705 relatis,
1439 1662 1653 1705 comparat.

464 1722 620 1763 Vltimo
653 1719 850 1760 nonnullas
882 1716 1161 1758 obseruationes
1193 1720 1307 1756 retert
1340 1716 1658 1769 meteorologicas

348 1799 421 1842 pro
453 1787 634 1827 maximo
667 1783 768 1823 aestu
799 1782 948 1836 Lipsiae
982 1780 1018 1820 d.
1063 1791 1133 1831 15.
1167 1779 1239 1820 Iul.
1275 1780 1319 1821 st.
1356 1794 1394 1821 n.
1433 1783 1559 1830 1746.
1587 1779 1655 1820 ob-

345 1851 490 1891 seruato
523 1848 811 1890 determinando
829 1879 840 1897 ,
873 1857 988 1899 quem
1024 1856 1115 1884 cum
1157 1843 1256 1884 aestu
1272 1844 1468 1899 Petropoli
1487 1843 1582 1883 olim
1610 1842 1658 1883 ab

345 1914 498 1955 auctore
532 1922 695 1964 notato,
727 1920 768 1951 et
799 1922 912 1963 quem
946 1909 987 1948 in
1022 1906 1135 1948 insula
1167 1905 1384 1948 Borbonica
1422 1918 1553 1958 1734.
1589 1907 1659 1947 ob-

344 1976 529 2019 seruatum
569 1975 678 2018 fuiffe
712 1976 751 2017 in
786 1971 1090 2016 Commentariis
1129 1970 1274 2025 legerat
1314 1971 1482 2013 Parifinis
1498 2005 1509 2024 ,
1549 1983 1660 2012 com·

340 2051 458 2098 parat.

1562 2098 1638 2141 Con
