1820 2506
880 112 1074 168 )(62)(

320 225 621 269 Commentariis
659 224 793 268 locum
834 224 1050 268 inuenirent
1075 258 1086 278 ,
1128 221 1275 280 (quem
1327 224 1366 266 in
1403 224 1519 269 finem
1553 239 1623 270 nec

320 292 550 344 conscriptae
583 288 811 345 videantur)
844 288 1080 330 recensuiffet
1101 321 1111 340 ,
1146 288 1327 342 simulque
1374 292 1532 332 miratus
1576 293 1622 332 esz

320 357 371 395 fet
391 390 401 406 ‚
436 357 538 409 quod
571 356 615 395 ad
650 355 748 395 hanc
781 354 888 394 litem
921 352 1235 406 componendam
1261 384 1272 404 ,
1314 365 1432 394 nemo
1474 355 1522 395 de
1563 356 1629 396 de„

321 419 522 461 metiendo
556 431 719 471 corpore
748 418 998 470 cogitauerit,
1031 416 1214 469 quoniam
1243 416 1388 456 constat
1408 449 1419 468 ,
1452 419 1527 458 viri
1545 431 1632 459 cor-

323 485 427 536 poris
459 492 637 522 truncum
672 491 903 533 conuergere
936 480 1112 520 inferiora
1144 478 1267 519 versus
1285 512 1295 532 ‚
1329 479 1519 522 foeminae
1537 495 1630 522 con-

325 556 382 586 tra
423 546 529 586 latius
570 547 776 598 dimergere.
854 541 969 583 Bono
1010 542 1177 597 quodam
1216 542 1409 583 fortunato
1460 543 1632 586 accidiffe

324 610 379 651 ait
398 643 408 663 ‚
443 610 545 663 quod
579 610 660 649 ouis
700 619 782 649 mas
800 639 810 659 ,
842 606 894 646 ob
926 608 1095 661 partium
1127 606 1346 660 genitalium
1389 606 1635 648 deformatio-

327 685 418 713 nem
452 686 524 727 pro
559 671 878 725 hermaphrodito
910 670 1055 711 habitus
1073 704 1084 724 ‚
1118 671 1164 711 ad
1206 671 1460 711 Academiam
1502 672 1636 712 allatus

326 737 371 777 sit
390 770 400 789 ,
436 750 550 790 quem
572 736 773 776 obseruatis
806 736 846 774 in
864 734 1091 775 hominibus
1125 735 1277 775 sibiricis
1294 734 1523 775 simillimum
1543 749 1634 776 exa-

327 801 511 841 minando
553 800 798 853 deprehendit
818 832 829 850 ,
871 800 1001 851 prouti
1039 811 1092 838 ex
1131 798 1383 851 descriptione
1427 799 1633 851 prolixiori

327 863 438 904 huius
469 874 662 904 anatomes
682 895 692 915 ,
725 863 925 916 figurisque
958 862 1004 902 ad
1036 862 1320 903 illustrationem
1353 862 1541 903 dierorum
1574 875 1635 904 ae-

326 928 360 967 ri
392 927 515 967 incisis
547 927 696 967 vberius
729 925 889 980 perspici
923 926 1060 979 potest.

447 991 484 1030 E
515 1004 587 1044 qua
619 991 871 1043 descriptione
905 1001 1034 1042 patere
1067 990 1120 1030 ait
1138 1022 1149 1042 ‚
1184 1001 1300 1029 ouem
1336 988 1399 1030 hic
1434 1002 1508 1043 pro
1549 989 1639 1031 her·

330 1054 582 1108 maphrodito
616 1054 787 1094 habitum
821 1066 957 1093 verum
991 1051 1096 1093 fuifl‘e
1130 1066 1277 1094 marem
1300 1086 1310 1104 ,
1352 1054 1391 1092 in
1433 1066 1511 1107 quo
1552 1067 1638 1108 par-

330 1128 388 1158 tes
420 1118 597 1171 genitales
630 1127 812 1157 externae
846 1115 994 1158 defectu
1027 1127 1216 1170 peccent3
1253 1126 1292 1156 et
1335 1116 1433 1156 nihil
1476 1119 1640 1158 omuino

330 1183 371 1221 in
405 1181 462 1221 his
495 1178 709 1235 apparuisse
727 1213 737 1232 ,
770 1180 874 1233 quod
904 1180 1053 1221 alterius
1085 1180 1193 1221 sexus
1225 1180 1372 1233 signum
1405 1180 1641 1234 indicauerit,

333 1254 397 1285 aut
436 1245 747 1284 additamentum.

449 1308 626 1348 Tandem
662 1315 767 1360 putat
788 1339 798 1357 ‚
832 1306 859 1347 fi
892 1306 1093 1360 descriptio
1127 1307 1291 1360 partium
1324 1308 1544 1359 genitalium
1571 1321 1643 1349 ex-

335 1381 528 1412 ternarum
571 1380 682 1423 atque
722 1369 857 1409 harum
897 1369 1042 1422 figura,
1083 1371 1121 1409 in
1163 1382 1237 1409 oue
1270 1383 1358 1409 cum
1391 1371 1641 1424 descriptione

336 1444 377 1475 et
409 1435 538 1488 figuris
558 1467 569 1486 ,
603 1445 692 1487 quas
722 1432 860 1473 laudati
891 1434 971 1472 viri
999 1430 1130 1472 Celeb.
1173 1433 1220 1472 de
1253 1432 1473 1474 hominibus
1506 1433 1639 1475 Sibiri-

338 1499 390 1538 cis
422 1498 595 1539 dederint
614 1530 625 1548 ,
656 1506 898 1550 comparetur
918 1527 929 1548 ‚
963 1509 1143 1550 apparere
1163 1529 1173 1548 ,
1208 1496 1272 1536 has
1303 1498 1354 1537 ita
1378 1498 1475 1537 inter
1492 1497 1527 1538 se
1546 1511 1641 1538 cona

340 1564 473 1603 venire
491 1595 502 1615 ‚
534 1571 579 1602 vt
609 1559 715 1600 facile
748 1572 799 1599 ex
838 1559 1080 1614 inquisitione
1118 1560 1352 1600 Anatomica
1392 1571 1554 1614 partium
1582 1564 1641 1602 in-

340 1636 530 1666 ternarum
551 1658 562 1677 ,
603 1636 717 1677 quam
758 1623 797 1663 in
837 1636 912 1664 oue
952 1624 1126 1677 equidem
1161 1623 1239 1677 ipse
1273 1624 1333 1664 vir
1366 1622 1642 1666 Celeberrimus

341 1690 530 1730 instituere
564 1688 687 1742 potuit
706 1721 717 1739 ,
750 1688 853 1740 quod
885 1688 992 1740 supra
1023 1688 1337 1728 commemoratis
1370 1690 1461 1728 viris
1500 1691 1539 1729 in
1579 1689 1640 1729 vi-

341 1754 402 1793 vis
434 1752 656 1793 hominibus
688 1749 808 1791 facere
841 1751 941 1792 haud
973 1750 1107 1802 licuit,
1142 1750 1250 1791 litem
1286 1752 1333 1791 de
1365 1752 1455 1792 sexu
1489 1753 1640 1794 finitam

343 1815 427 1857 effe.
499 1816 690 1872 Quodque
711 1848 722 1866 ,
753 1824 797 1854 vt
829 1814 892 1855 hic
924 1815 1006 1854 ouis
1025 1848 1035 1866 ,
1070 1816 1121 1855 ita
1137 1814 1312 1855 homines
1337 1813 1483 1855 Sibirici
1501 1816 1642 1856 haben-

343 1882 383 1921 di
415 1881 486 1921 sint
518 1893 589 1933 pro
621 1878 784 1919 maribus
803 1891 881 1919 non
914 1889 989 1932 pro
1006 1877 1180 1919 foeminis
1199 1912 1210 1931 ,
1241 1880 1416 1933 quodque
1433 1880 1576 1920 mixtus
1601 1880 1640 1920 in

341 1945 412 1984 illis
446 1945 665 1997 neutiquam
697 1942 742 1983 fit
774 1942 906 1993 sexus,
947 1951 985 1983 et
1022 1942 1217 1984 immerito
1256 1942 1332 1983 illis
1371 1955 1515 1984 nomen
1553 1943 1643 1984 her-

342 2007 674 2063 maphroditorum
705 2006 938 2061 imponatur.

1510 2068 1636 2112 ABR„
