1820 2506
465 193 549 236 DE
582 192 643 236 VI
677 167 843 235 Anius
883 188 1163 238 ELASTICA
1381 210 1473 252 239

145 308 200 356 fio
225 311 271 352 ab
297 310 564 365 inaequalitate
587 312 871 368 superficierum
895 312 1092 367 prouenit.
1160 311 1243 354 Eae
1261 312 1369 355 enim
1386 327 1466 369 quo

142 375 367 419 finuosiores
419 374 502 417 sunt
536 378 578 418 in
617 377 798 419 contactu
816 409 827 429 ,
880 389 930 418 eo
963 377 1154 431 pernicius
1198 377 1366 419 turbines
1406 391 1469 420 re-

141 440 281 483 filiunt.
350 440 397 482 Id
431 453 528 481 vero
562 450 620 483 ter
650 451 713 483 aut
746 442 865 483 etiam
898 450 1029 496 quater
1070 443 1170 482 inter
1212 442 1306 483 duos
1347 444 1463 485 turbi-

140 517 209 546 nes
241 505 325 546 fieri
357 505 485 559 potest
504 539 514 557 ,
550 516 754 561 antequam
789 507 992 560 gyratione
1026 504 1195 548 cessante
1235 507 1464 562 concidant,

140 571 246 624 quod
279 569 336 622 fit,
372 570 440 609 vbi
473 569 634 622 flugellis
668 572 853 611 concitari
885 571 1069 612 desinunt.

293 635 326 683 §.
369 646 437 683 19.
472 633 657 689 Quamuis
696 634 895 689 proposita
937 634 1001 675 hic
1045 634 1194 676 theoria
1236 649 1317 678 non
1359 637 1466 680 infir-

140 699 213 740 mis
246 699 378 738 nititur
409 698 673 751 argumenti53
707 698 833 738 maior
868 707 997 740 tamen
1031 700 1222 742 euidentia
1260 702 1349 743 inde
1391 715 1466 744 no-

141 763 196 804 bis
229 760 414 803 elucescet
431 794 442 813 ,
477 762 505 804 si
538 763 789 817 proprietates
822 763 914 803 aeris
956 773 994 804 et
1024 762 1297 817 phaenomena
1315 800 1327 819 ‚
1369 779 1465 821 quae

138 826 179 868 in
213 838 262 866 eo
295 825 482 867 obseruari
515 825 638 868 solent
654 860 666 880 ,
701 839 770 881 per
786 826 892 867 illam
926 827 979 868 ita
1012 828 1199 883 explicari
1241 831 1436 884 patuerint
1453 864 1465 885 ‚

138 900 186 932 vt
219 889 347 931 causae
379 903 516 932 eorum
550 891 647 932 clare
687 891 772 932 imo
811 892 929 931 etiam
970 891 1148 932 distinete
1189 895 1462 946 percipiantur.

137 955 303 1009 Optima
337 968 504 1010 namque
536 955 601 996 illa
635 955 786 997 theoria
818 954 872 995 est
890 988 902 1007 ‚
945 966 1041 1009 quae
1079 968 1162 998 non
1204 956 1326 998 tolum
1371 970 1464 999 cum

136 1020 237 1061 nulla
271 1022 508 1076 proprietate
539 1021 619 1061 eius
651 1020 738 1073 rei,
772 1032 846 1074 pro
878 1032 952 1074 qua
970 1019 1199 1074 explicanda
1217 1022 1370 1063 condita
1397 1022 1464 1075 est,

136 1094 315 1140 pugnat3
366 1099 502 1127 verum
543 1086 661 1129 etiam
704 1097 834 1125 earum
876 1083 1138 1138 explicatione
1170 1099 1252 1127 non
1283 1087 1384 1128 secus
1417 1099 1463 1128 ac

136 1149 355 1190 firmissimis
388 1152 511 1190 vtitur
543 1150 772 1202 argumentis
805 1148 924 1202 ipsam
942 1149 1298 1203 corroborantibus,
1332 1152 1371 1191 id
1389 1152 1465 1191 cir-

135 1226 186 1254 co
221 1222 261 1254 et
294 1212 461 1254 nostram
495 1214 535 1254 in
569 1212 805 1268 sequentibus
839 1212 1103 1254 examinamus
1123 1248 1133 1266 ,
1169 1215 1364 1267 primarias
1399 1217 1462 1256 ael-

136 1278 186 1320 ris
217 1279 475 1333 proprietates
507 1279 687 1333 variaque
720 1277 995 1332 phaenomena
1028 1279 1308 1320 excutinentes.

279 1343 313 1392 §.
355 1356 426 1384 20.
461 1342 727 1397 Atmosphera
758 1342 905 1383 constat
938 1355 991 1382 ex
1026 1342 1179 1384 infinito
1198 1357 1360 1386 numero
1380 1354 1466 1386 ato-

135 1419 295 1448 morum
329 1409 421 1448 aeris
438 1442 449 1459 ‚
484 1421 644 1462 quarum
678 1406 873 1447 inferiores
906 1407 1097 1460 repellunt
1130 1408 1466 1462 superincumben-

134 1482 189 1512 tes
222 1483 374 1513 atomos
405 1471 546 1513 sursum
588 1471 714 1512 versus
754 1481 903 1512 tantum
923 1504 934 1523 ‚
985 1483 1168 1525 quantum
1209 1486 1346 1515 omnes
1377 1474 1466 1515 reli-

134 1549 229 1589 quae
247 1537 293 1577 ad
312 1536 497 1577 summam
524 1549 640 1592 vsque
672 1534 894 1589 supe—ficiem
929 1536 1215 1590 atmosphaerae
1248 1538 1464 1592 superinge-

134 1600 209 1641 stae
242 1601 394 1641 cedunt.
432 1601 572 1641 Atomi
607 1600 775 1655 reliquae
794 1633 805 1652 ,
847 1613 925 1654 quo
958 1600 1105 1655 longius
1138 1615 1159 1641 a
1191 1611 1289 1643 terra
1314 1603 1463 1655 distant,

135 1677 184 1705 eo
220 1666 415 1706 minorem
447 1675 581 1706 contra
616 1666 697 1705 vim
731 1666 972 1705 arietantium
1014 1676 1052 1705 et
1094 1667 1264 1719 grauium
1306 1676 1463 1707 atomo-

135 1742 221 1770 rum
256 1731 451 1783 nituntur,
486 1731 537 1771 ita
576 1739 623 1770 vt
665 1729 864 1784 supremae
906 1729 1027 1784 ipfiun
1061 1729 1298 1783 superficiem
1334 1741 1460 1772 atmo-

134 1793 283 1847 spaerae
316 1803 545 1847 occupantes
578 1796 736 1849 propria
771 1804 924 1836 tantum
957 1795 1140 1848 grauitate
1180 1795 1241 1836 sua
1280 1795 1460 1836 deorsum

137 1867 377 1911 premantur,
411 1867 525 1912 atque
564 1871 585 1898 a
619 1861 802 1916 proxi-me
820 1859 1052 1900 inferioribus
1070 1857 1326 1913 repercussae,
1362 1870 1457 1901 tam-

135 1923 200 1963 diu
217 1922 411 1963 insublime
428 1923 592 1964 ferantur
612 1956 623 1975 ,
659 1924 839 1978 quamdiu
857 1926 1026 1977 impetus
1045 1938 1065 1965 a
1083 1924 1361 1978 repercusfione
1382 1926 1461 1965 im-

138 1985 249 2041 preffi
275 1988 500 2040 grauitatem
527 2001 657 2029 earum
676 1987 862 2043 superant.
910 1989 997 2045 Qua
1032 1989 1188 2029 tandem
1216 1989 1460 2043 praeualente

137 2050 312 2091 deorsum
344 2052 517 2093 labuntur
549 2053 596 2093 ab
613 2053 847 2094 inferioribus
863 2052 982 2093 rursus
1000 2054 1320 2108 repercutiendae.
1355 2053 1461 2094 Hinc

135 2125 264 2159 autem
296 2115 460 2172 sequitur
497 2114 537 2175 1)
571 2130 699 2165 aerem
732 2115 1019 2178 armosphaerae
1066 2130 1116 2163 eo
1154 2119 1342 2162 rariorem
1385 2115 1463 2222 ebffe

1349 2182 1395 2223 de
1424 2193 1466 2222 ea·
