1820 2506
381 167 473 222 {66
585 159 1060 214 OBSERVATIONES
1100 159 1500 210 ANATOMIC‘AE

373 284 629 341 pericardium
648 315 660 336 ,
690 283 752 323 sed
783 291 900 322 tenax
917 312 929 333 ,
969 279 1122 334 qualem
1164 279 1316 332 semper
1355 280 1593 321 obstruamus
1618 311 1629 332 ,
1663 279 1690 322 fi

374 349 586 403 pulmones
618 359 707 387 cum
739 346 966 387 membrana
997 343 1119 383 costas
1145 342 1379 396 succingente
1410 353 1610 384 concretos
1642 343 1704 385 ab.

378 425 424 451 ea
463 411 678 465 separamus
697 442 709 462 ,
757 410 805 450 de
839 421 912 463 qua
958 417 999 448 et
1038 405 1224 448 methodo
1259 407 1521 447 concrescendi
1559 406 1690 461 postea

376 486 451 530 ago
484 472 562 530 (1).
598 471 693 515 Erat
723 482 850 513 autem
884 471 971 525 post
1003 468 1284 525 separationem
1318 482 1407 523 cor,
1440 470 1612 523 inprimis
1643 471 1689 511 ad

373 550 601 580 mucronem
620 571 631 590 ,
683 545 723 576 et
767 534 1022 590 pericardium
1076 535 1270 574 internum
1292 566 1305 586 ,
1337 545 1359 574 a
1405 532 1576 588 disrupto
1612 532 1693 576 hoc

376 602 538 643 vinculo
560 634 571 653 ,
606 601 775 641 scabrum
811 609 849 639 et
881 598 1042 639 hirtum.

494 665 698 719 Vtriusque
731 663 837 705 incisi
867 662 1055 702 cadaueris
1088 661 1221 715 ignota
1251 661 1321 702 fuit
1350 661 1455 702 vitae
1485 668 1526 700 et
1564 660 1693 703 morbi

374 729 478 772 tatio
497 734 527 781 ,‘
557 737 699 782 vtpote
757 739 854 781 quae
904 726 1091 766 saeuiente
1141 725 1183 764 in
1232 724 1310 765 fine
1357 726 1445 765 anni
1495 723 1693 778 praeteriti

372 792 516 845 frigore
557 790 804 832 intenfiffimo
846 790 944 830 adeo
963 821 976 841 ‚
1016 798 1059 829 vt
1092 780 1415 830 thermometrum
1458 788 1489 830 F
1491 787 1696 828 ahtenhei-

372 856 526 901 tianum
559 865 616 902 30
666 863 707 894 et
742 864 798 902 32
849 853 1012 907 gradum
1063 850 1157 892 infra
1207 864 1235 892 0
1288 852 1499 905 iudicaret,
1538 861 1695 892 mortua

376 920 481 963 suere
514 919 553 957 in
588 919 653 957 via
685 917 836 971 publica
867 917 1033 956 inuenta.

494 979 606 1022 Dum
642 980 720 1020 iam
740 979 870 1021 naetus
901 991 1007 1019 eram
1041 977 1284 1020 occasionem
1318 980 1539 1021 examinaui
1559 1012 1570 1032 ‚
1604 979 1695 1034 quid

374 1045 426 1089 ad
458 1055 660 1086 externam
703 1042 838 1084 faciem
878 1041 1083 1082 exhiberet
1124 1042 1326 1095 pericardii
1367 1042 1585 1098 superficies
1602 1076 1614 1096 ‚
1649 1052 1696 1084 vt

369 1109 581 1152 abstentiam
614 1106 717 1146 suam
757 1105 964 1145 declararet
982 1136 993 1156 ,
1033 1105 1158 1145 cordis
1197 1106 1384 1146 extimam
1425 1106 1695 1149 membranam

371 1171 541 1213 mentita
558 1202 571 1223 ‚
604 1167 667 1209 sed
700 1166 856 1209 hercule
887 1166 1023 1208 craffus
1055 1167 1152 1207 adeo
1185 1169 1391 1220 apparebat
1422 1169 1464 1209 in
1497 1169 1597 1209 hisce
1635 1182 1695 1210 er-

372 1245 443 1276 ror
458 1266 471 1287 ‚
505 1234 551 1274 ad
584 1230 745 1286 figuram
775 1231 902 1272 cordis
935 1231 1066 1271 nudati
1096 1229 1316 1284 fingendam
1333 1264 1345 1284 ,
1379 1241 1425 1273 vt
1457 1244 1505 1273 ne
1537 1232 1697 1287 quidem

375 1296 600 1349 lanionem,
634 1295 760 1336 multo
791 1295 917 1337 minus
948 1295 1230 1336 Anatomicum
1262 1295 1456 1350 deciperet
1474 1329 1485 1347 ,
1517 1297 1696 1350 inprimis

375 1373 471 1406 cum
505 1371 643 1414 margo
676 1359 910 1413 pulmonum
952 1359 991 1398 in
1033 1368 1199 1412 vtroque
1240 1359 1423 1400 cadauere
1463 1360 1559 1400 liber
1597 1369 1692 1401 erat.

373 1424 485 1470 Nam
520 1425 609 1465 licet
648 1422 780 1464 vltimi
813 1422 1022 1464 memorati
1054 1423 1130 1462 viri
1164 1422 1324 1462 cadauer
1362 1423 1475 1463 valde
1531 1423 1626 1464 effet
1654 1436 1692 1464 e·

373 1489 586 1532 maciatum
604 1520 616 1540 ‚
651 1496 690 1527 et
723 1487 794 1526 vix
827 1484 1004 1527 cellulosa
1036 1486 1135 1525 inter
1165 1485 1383 1527 mediastini
1416 1487 1693 1540 duplicaturam

374 1552 466 1606 quid
500 1552 645 1606 pingue
680 1549 836 1589 haberet
855 1581 865 1601 ‚
900 1558 940 1588 et
979 1550 1056 1601 ipsa
1096 1549 1298 1602 pericardii
1344 1550 1570 1590 membrana
1612 1560 1693 1591 tam

372 1615 484 1656 ,arae
516 1627 606 1658 cum
638 1613 754 1656 corde
786 1621 966 1652 concreta
999 1611 1098 1651 soret
1116 1643 1127 1662 ‚
1160 1610 1258 1651 nihil
1276 1620 1405 1653 tamen
1437 1623 1599 1655 externe
1624 1626 1692 1668 ap-

375 1677 532 1736 parebat
549 1710 560 1729 ,
592 1677 640 1721 de
673 1675 747 1716 basi
780 1675 904 1715 cordis
936 1676 1091 1729 eiusque
1109 1675 1371 1728 appendiculis
1388 1685 1426 1716 et
1458 1677 1550 1716 vasis
1565 1678 1693 1718 maio-

373 1742 485 1787 ribus..
549 1741 747 1784 Praeterea
779 1738 971 1792 segmenta
1009 1739 1164 1792 pleurae
1185 1770 1196 1790 ‚
1237 1751 1333 1792 quae
1366 1739 1593 1781 mediastino
1617 1741 1694 1781 dis-

374 1805 480 1849 secto
511 1814 552 1849 et
584 1804 710 1844 sterno
743 1802 891 1843 eleuato
908 1835 919 1854 ,
953 1801 1165 1856 pericardio
1181 1801 1406 1854 adhaerent,
1440 1812 1481 1842 et
1506 1816 1692 1857 magnum

375 1869 594 1915 Lancisium
614 1866 772 1921 peffime
798 1865 1001 1906 fefellerunt
1026 1865 1151 1919 specie
1177 1877 1383 1906 neruorum
1402 1866 1441 1906 in
1460 1867 1692 1920 explicatio-

377 1946 427 1978 ne
435 1932 670 1989 Tabularum
681 1929 874 1972 Eustachii
884 1927 944 1986 (2)
956 1962 966 1981 ,
981 1927 1225 1983 liquidissime
1241 1929 1466 1982 indicabant,
1476 1931 1580 1984 quod
1598 1944 1673 1972 ocu
1684 1960 1691 1964 -

378 1996 422 2037 lis
438 1995 674 2045 occurrebat,
694 1992 771 2035 effe
787 2005 855 2035 cor
873 1994 1070 2035 continens
1088 1992 1363 2047 pericardium:
1383 1992 1472 2033 hinc
1487 1995 1615 2046 credo,
1626 1995 1690 2048 qui

379 2059 583 2114 pericardii
604 2057 810 2101 amentiam
828 2067 881 2099 ex
899 2057 1064 2113 autopsia
1083 2088 1094 2109 ‚
1125 2067 1206 2097 non
1239 2054 1332 2096 ahos
1365 2056 1612 2100 exscribendo
1639 2058 1691 2098 as-

1553 2121 1687 2174 seclae,

398 2191 413 2193 '⁷
448 2189 506 2238 (ι)
528 2187 666 2226 obsera.
698 2198 730 2229 ς.
755 2190 809 2239 (z)
836 2186 921 2224 Tab.
946 2184 1005 2228 lx.
1030 2192 1165 2225 22·28
1196 2191 1355 2235 22-292.
