1820 2506
713 141 903 194 )(61)<

154 267 324 310 vnquam
358 254 517 295 eandem
550 253 717 308 perfecte
749 253 911 308 figuram
955 259 1032 293 tam
1075 251 1115 293 in
1157 251 1314 295 internis
1354 267 1467 310 quam

154 321 322 360 externis
369 333 390 359 a
422 320 456 359 se
488 318 726 360 obseruatum
759 320 814 360 ait
835 352 846 373 ‚
878 320 967 358 licet
984 328 1110 371 partes
1141 319 1411 361 constituentes
1426 324 1470 362 in

155 396 293 436 genere
326 383 464 424 similes
494 383 645 423 fuerint.
882 377 885 380 ’

272 445 475 487 Consueffe
509 448 662 501 quidem
694 448 895 502 plerosque
915 479 925 499 ,
959 445 986 488 fi
1019 446 1197 501 pudenda
1229 447 1293 488 vel
1319 448 1470 489 defectu

153 511 220 551 vel
253 521 460 564 augmento
493 521 685 564 peccent,
721 521 760 552 et
793 511 1113 552 deformationem
1147 513 1335 565 quandam
1355 525 1471 554 monn

154 575 270 615 strent
303 576 350 615 de
383 574 708 627 hermaphroditis
741 577 911 628 cogitare
930 608 941 626 ,
975 574 1039 628 qui
1071 587 1118 615 an
1151 588 1193 616 re
1224 575 1302 629 ipfi1
1320 577 1470 629 dentur,

155 639 298 680 scilicet
330 638 369 676 in
402 648 603 691 Vtramque
637 651 819 680 venerem
853 648 1005 692 paratos
1037 651 1125 679 cum
1158 638 1333 680 foeminis
1373 653 1471 680 con-

156 703 374 743 cumbentes
407 711 445 741 et
477 700 635 742 viciffim
671 703 777 742 viros
825 703 1099 755 admittentes,
1148 703 1350 744 nonsolum
1389 716 1473 744 non

156 766 385 806 determinat
418 766 478 805 vir
512 763 613 805 Clar.
651 763 733 820 (ad
765 767 979 819 negatiuam
1013 767 1140 819 potius
1173 768 1351 820 procliuis
1389 767 1472 810 sen-

154 826 337 883 tentiam)
371 829 431 869 sed
467 839 508 868 et
542 829 764 870 testimonio
798 830 997 871 auc'torum
1032 829 1197 871 suffultus
1216 864 1228 884 ‚
1257 832 1472 872 vehemen-

155 902 214 933 ter
246 892 391 933 dubitat
412 926 422 944 ,
456 906 504 933 an
539 894 627 934 tales
660 893 826 933 existant
846 927 857 946 ,
891 895 929 933 in
965 893 1099 947 quibus
1118 906 1216 934 vnus
1234 895 1342 935 sexus
1360 907 1472 948 prae-

155 957 306 1009 valeat,
348 957 476 997 addito
515 956 739 1010 genitalium
777 956 927 997 alterius
969 958 1137 1011 quodam
1171 957 1439 1012 supplemento
1459 990 1472 1012 ,

157 1022 341 1074 quoniam
376 1020 417 1060 hi
448 1022 625 1061 attentius
657 1022 864 1061 examinati
900 1021 1086 1061 Vltimum
1119 1020 1196 1061 hoc
1214 1022 1472 1063 deformatum

156 1096 228 1124 nec
263 1084 437 1137 peruium
458 1117 469 1136 ‚
503 1097 572 1124 nec
606 1085 652 1125 ad
687 1097 785 1139 opus
817 1085 971 1138 aliquod
1003 1097 1212 1125 venereum
1246 1095 1308 1125 aut
1340 1088 1471 1127 vrinae

159 1149 421 1188 excretionem
454 1158 585 1202 aptum
606 1182 616 1201 ⁷
655 1158 802 1202 gerant.
865 1149 950 1190 Hac
992 1148 1189 1189 occasione
1228 1150 1473 1191 mentionem

160 1212 281 1252 iniicit
299 1212 556 1253 memorabilis
592 1212 770 1253 historiae
802 1225 916 1266 quam
947 1214 1137 1266 Regnerus
1170 1213 1215 1253 de
1247 1213 1383 1269 Cras,
1425 1215 1474 1255 de

159 1288 281 1328 puero
321 1275 406 1328 post
448 1284 617 1316 mortem
660 1276 784 1329 puella
826 1278 982 1315 inuento
1023 1285 1147 1315 narrat
1189 1285 1229 1315 et
1267 1290 1361 1329 quae
1394 1278 1473 1330 ipse

159 1348 355 1378 notauerat
387 1338 485 1377 circa
519 1351 727 1391 pauperem
762 1337 969 1378 foeminam
990 1371 999 1388 ,
1035 1340 1172 1391 viginti
1206 1348 1243 1378 et
1276 1340 1376 1381 vltra
1403 1353 1473 1382 an-

159 1402 215 1441 nis
249 1400 602 1454 hermaphroditum
636 1414 657 1440 a
690 1401 883 1440 natiuit-ate
915 1402 1181 1454 declamatam,
1217 1402 1341 1443 affert.

276 1465 346 1507 His
378 1463 582 1518 praemissis
614 1465 802 1506 rariorem
835 1464 944 1505 illum
979 1465 1102 1505 casum
1123 1498 1136 1518 ⁷
1166 1465 1287 1506 forsan
1330 1467 1370 1507 in
1410 1467 1473 1508 hi-

161 1527 273 1568 storia
304 1528 466 1568 naturali
503 1528 634 1569 nullibi
679 1537 853 1569 notatum
894 1538 1182 1569 commemorat
1222 1530 1269 1571 de
1313 1541 1475 1585 quatuor

160 1591 380 1632 hominibus
428 1592 584 1633 fibiricis
626 1604 678 1632 ex
720 1592 865 1632 duobus
904 1593 1118 1646 parentibus
1159 1595 1287 1647 natis,
1338 1596 1472 1637 eadem

163 1657 300 1696 exacte
333 1656 556 1709 genitalium
590 1655 870 1696 deformatione
905 1658 1082 1709 praeditis
1101 1690 1111 1708 ,
1146 1670 1242 1710 quos
1273 1660 1473 1700 occasione

163 1719 425 1773 descriptionis
457 1733 478 1759 a
515 1717 577 1759 Cl.
623 1719 788 1760 Gmelino
806 1720 846 1759 in
882 1718 1017 1760 Sibiria
1059 1720 1178 1760 sanstae
1212 1731 1249 1761 et
1281 1722 1327 1762 ad
1367 1725 1471 1764 Aca.-

162 1783 328 1823 demiam
361 1782 605 1836 Imptriilem
639 1781 771 1825 miffae
791 1817 805 1838 ‚
838 1797 860 1824 e
893 1783 1028 1825 Sibiria
1069 1782 1250 1825 arcessere
1275 1819 1291 1839 ⁷
1332 1799 1475 1842 operae

163 1848 328 1900 pretium
364 1847 571 1887 iudicatum
603 1846 684 1887 fiiit.

282 1911 483 1965 Postquam
532 1920 660 1950 autem
714 1912 841 1964 paucis
882 1913 1040 1953 diuersas
1081 1913 1154 1953 hac
1200 1913 1248 1953 de
1289 1928 1330 1955 re
1371 1915 1472 1957 Aca-

168 1972 400 2016 demicorum
445 1973 605 2016 Gmelini
623 2007 635 2024 ,
676 1975 736 2016 W
739 1975 945 2017 eitbrechtii
994 1988 1030 2017 et
1080 1976 1222 2018 ll'ildii
1272 1978 1474 2020 sententias

167 2036 209 2076 in
256 2037 526 2092 prolixioribus
566 2037 884 2079 dissertationibus
924 2040 1144 2094 expositas,
1184 2054 1297 2096 qnam
1346 2055 1391 2083 v:
1432 2044 1475 2082 im.

738 2101 768 2145 11
803 2113 829 2150 3
1351 2104 1477 2147 Com·
