1820 2506
698 88 860 149 Χ9Χ

656 201 909 262 LEGES

331 299 771 343 IMPERATORIAE
828 296 1227 342 SCIENTIARVM

226 428 311 471 AC
327 374 952 471 ADEMIAEEZER'ITROECKJP
966 425 1339 469 OLITANAE.

122 554 353 672 Longam
413 564 462 605 de
525 563 694 604 vtilitate
765 563 979 607 liberalium
1059 562 1344 618 disciplinarum
1404 572 1444 603 et

243 630 379 669 artium
432 629 471 668 in
521 629 647 681 regnis
696 628 877 682 rebusque
919 628 1077 683 publicis
1119 629 1311 669 instituere
1360 638 1444 667 ora-

123 694 273 733 tionem
341 693 658 747 superuacaneum
710 692 892 746 videtur;
946 705 1069 746 neque
1103 701 1235 734 tamen
1277 691 1445 732 alienum

122 756 235 797 fuerit
286 757 426 797 docere
443 791 454 809 ,
515 769 589 810 qua
648 755 884 810 potissimum
944 757 1008 798 via
1067 769 1134 797 eae
1194 756 1346 797 metari
1410 765 1446 796 et

122 822 162 861 in
233 822 375 874 patriae
448 821 707 861 commodum
761 820 937 861 conuerti
989 821 1164 862 debeant.
1236 817 1447 863 PETRVS

124 885 304 938 Magnus
379 885 661 938 gloriosiffimus
744 884 816 926 Ille
893 882 1103 928 Rufforum
1174 884 1393 941 Imperator
1438 916 1449 936 ,

128 949 202 990 iam
288 949 353 989 suo
389 962 485 990 aeuo
527 950 571 990 ad
612 959 835 1003 Vtramque,
889 962 1010 1004 quum
1069 949 1334 990 sublimiorum
1394 948 1449 988 di-

128 1012 371 1067 sciplinarum
405 1023 490 1054 tum
526 1015 773 1067 ingenuarum
807 1014 971 1067 artium,
1003 1014 1263 1056 Academiam
1281 1012 1451 1054 forman-

128 1078 217 1118 dam
239 1111 249 1129 ,
285 1078 455 1118 animum
501 1079 645 1132 adpulit
665 1112 675 1131 ,
719 1088 759 1118 et
794 1092 888 1132 quae
925 1079 973 1119 de
1007 1079 1230 1119 instituenda
1263 1077 1453 1118 Scientia-

129 1155 212 1182 rum
248 1142 458 1182 Academia
492 1144 689 1196 proposita
723 1142 867 1183 fuerant
885 1177 896 1196 ,
930 1143 1080 1197 publica
1121 1143 1346 1184 auc'toritate
1372 1143 1451 1182 san-²

129 1206 220 1245 ciuit
240 1238 250 1258 ,
295 1205 412 1245 dllato
446 1207 600 1246 interim
643 1207 878 1247 Academiae
913 1208 1053 1247 artium
1085 1207 1325 1248 stabiliendae
1356 1218 1453 1246 con-

130 1268 221 1309 filio.
294 1267 475 1309 Ceterum
511 1269 680 1321 auspiciis
707 1270 991 1323 gloriosissimae
1010 1269 1218 1312 Rufl‘orum
1233 1270 1454 1325 Imperatri-

132 1334 186 1374 cis
221 1330 604 1374 CATHARINAE
625 1365 636 1383 ‚
671 1334 738 1373 etsi
763 1333 1009 1373 fundamenta
1041 1334 1123 1375 stitis
1156 1333 1269 1374 firma
1302 1335 1454 1388 Vtrique

137 1397 336 1451 proposito
370 1398 537 1436 tenendo
568 1397 794 1438 videbantur
827 1398 947 1450 posita
969 1429 978 1447 ,
1011 1408 1141 1438 tamen
1177 1399 1352 1439 nondum
1370 1408 1454 1439 tan-

137 1471 177 1501 to
212 1462 293 1501 fatis
327 1461 458 1514 dignos
492 1461 661 1501 instituto
696 1461 760 1502 vel
795 1461 1045 1502 Scientiarum
1082 1463 1145 1503 vel
1181 1463 1316 1503 artium
1353 1464 1457 1503 Aca-

136 1526 262 1565 demia
298 1526 385 1564 tulit
417 1524 552 1565 studius
571 1558 582 1577 ‚
617 1526 748 1579 legum
781 1526 964 1567 videlicet
993 1527 1150 1579 ignara,
1187 1527 1354 1567 necdum
1374 1540 1457 1567 cet·

139 1598 175 1629 ta
215 1589 378 1629 formula
418 1589 620 1629 constituta
641 1623 650 1641 ,
686 1591 775 1645 quid
818 1591 953 1644 cuique
1003 1591 1234 1645 sequendum
1256 1623 1267 1641 ‚
1317 1592 1456 1645 quidue

137 1654 384 1706 fugoeuduni,
422 1666 607 1706 quaeumn
649 1656 823 1707 cuuffique
864 1656 1455 1711 condstk),(puueaut(pmnu

138 1716 349 1757 ihnnusin
383 1730 573 1771 quamque
608 1720 789 1771 eroguufi
824 1718 955 1758 eflent
1023 1719 1459 1776 (Qubusinconunodss

143 1780 240 1821 haud
292 1782 403 1821 dubie
456 1781 668 1824 PETRVS
711 1785 950 1838 Imperator,
991 1797 1032 1824 ac
1074 1785 1161 1837 post
1211 1782 1313 1823 Eum
1364 1781 1456 1823 CA-

147 1845 410 1887 THARINA
453 1847 688 1901 Imperatrix
737 1849 891 1888 obuiam
942 1846 1053 1888 iss'eut
1091 1849 1187 1903 ipsi,
1230 1848 1295 1887 nisi
1327 1856 1457 1888 morte

146 1911 339 1962 praeuenu
374 1907 536 1950 fuiflent.

779 2039 803 2081 b
1326 2037 1462 2081 ACA-
