1820 2506
259 193 539 262 QVANTVM
581 189 788 242 MOTV&
819 191 1054 240 TERRAE
1085 194 1128 237 A
1159 191 1322 240 LVNA
1356 208 1450 249 429

138 324 266 359 tentae
297 317 343 358 ad
361 313 520 358 massam
541 314 663 356 lunae.
729 314 874 371 Quodsi
899 325 992 367 ergo
1009 311 1127 355 maffa
1144 321 1262 354 terrae
1278 313 1324 355 fit
1340 315 1450 366 ΣΤ,

138 390 181 421 et
220 380 336 421 maffa
376 380 487 421 lunae
526 377 624 420 :L
645 411 656 430 ,
698 386 809 431 atque
847 378 906 418 vis
947 377 1189 419 acceleratrix
1211 410 1222 429 ,
1255 389 1328 431 qua
1360 377 1451 418 luna

135 444 186 485 ad
218 453 359 484 terram
393 444 570 484 incitatur
587 475 598 495 ,
631 450 797 496 ponatur
826 440 929 482 :V
947 472 958 491 ,
994 442 1067 482 erit
1100 442 1158 482 vis
1187 440 1448 494 acceleratrix,

136 527 211 569 qua
243 523 341 554 terra
383 514 429 554 ad
462 513 590 554 lunam
633 513 828 564 vrgebitur
861 526 916 553 z
933 500 986 566 ιῑν
1051 510 1152 554 Cum
1184 513 1300 566 igitur
1332 513 1391 552 vis
1406 511 1447 552 V

137 579 182 619 fit
214 578 368 630 cognita
385 609 396 629 ‚
430 589 484 634 ex
515 589 559 616 ea
591 588 745 631 quoque
779 577 835 615 vis
853 608 865 628 ,
896 589 969 630 qua
1002 585 1102 617 terra
1134 576 1182 618 ad
1213 577 1344 617 lunam
1376 575 1451 618 sol-

137 640 301 680 licitatur
319 672 330 692 ,
362 640 611 693 cognoscetur
627 672 638 691 ‚
671 639 700 679 fi
732 639 855 680 modo
886 640 984 681 ratio
1015 642 1116 683 inter
1155 638 1291 682 maffas
1330 648 1451 682 terrae

138 712 177 745 et
209 703 320 744 lunae
351 702 462 744 filerit
493 712 598 742 nota.

284 767 319 815 §.
357 779 397 805 2.
433 766 502 806 Vis
533 775 661 807 autem
693 765 936 807 acceleratrix
969 766 1009 806 V
1026 800 1037 820 ,
1072 780 1145 822 qua
1175 768 1261 808 luna
1294 768 1340 808 ad
1372 776 1451 809 ter-

137 843 220 873 ram
260 830 413 884 pellitur
429 862 440 881 ,
481 829 586 870 filcile
628 830 674 870 ad
715 830 936 882 grauitatem
971 831 1179 872 naturalem
1197 833 1236 872 in
1254 831 1451 886 superficie

137 903 259 935 terrae
291 901 543 947 comparatur.
608 892 803 933 Indicetur
836 895 939 934 enim
973 895 1032 935 vis
1063 896 1256 948 grauitatis
1298 905 1449 936 natura·

140 956 188 998 lis
218 957 366 997 vnitate
384 988 394 1008 ‚
428 955 546 1009 fitque
576 956 699 995 radius
731 964 850 995 terrae
893 969 981 997 :r
998 988 1009 1008 ‚
1048 966 1088 996 et
1127 958 1297 996 distantia
1336 958 1449 997 lunae

135 1031 160 1059 a
193 1030 291 1060 terra
323 1032 411 1059 :z
428 1051 441 1070 ,
473 1018 655 1071 quoniam
689 1018 787 1057 vires
818 1018 1037 1059 decrescunt
1067 1019 1107 1059 in
1140 1020 1286 1060 ratione
1321 1020 1450 1075 dupli-

137 1093 222 1123 cata
254 1082 509 1124 distantiarum
530 1114 540 1132 ‚
573 1082 648 1120 erit
680 1082 738 1119 vis
755 1112 767 1131 ,
798 1093 872 1132 qua
902 1081 991 1122 luna
1022 1092 1162 1124 terram
1196 1085 1318 1124 versus
1343 1096 1451 1124 acce-

136 1152 298 1204 leratur,
330 1166 386 1192 Σ
402 1146 445 1204 g.
462 1164 518 1191 :z
535 1149 572 1189 V
595 1163 608 1203 3
642 1149 808 1202 hincque
842 1162 934 1203 ergo
967 1151 1026 1191 vis
1044 1183 1055 1203 ‚
1087 1164 1159 1204 qua
1193 1162 1292 1192 terra
1316 1153 1448 1193 lunam

135 1221 260 1262 versus
300 1221 510 1274 impellitur
528 1251 539 1271 ,
583 1220 655 1259 erit
687 1232 743 1258 Ξ
759 1209 826 1273 ξξξ
844 1252 856 1272 ,
888 1220 950 1261 seu
980 1223 1016 1261 se
1049 1220 1205 1262 habebit
1236 1223 1283 1263 ad
1322 1221 1448 1275 graui-

133 1303 256 1335 tatem
286 1293 493 1334 naturalem
525 1291 585 1332 vti
615 1280 684 1343 ξὲζ-
715 1292 762 1332 ad
799 1305 838 1331 1.
904 1290 1006 1332 Cum
1039 1293 1155 1346 igitur
1187 1303 1288 1334 terra
1320 1293 1446 1334 conti·

135 1370 215 1399 nuo
248 1366 352 1398 tanta
383 1358 423 1397 vi
457 1356 504 1397 ad
535 1356 663 1396 lunam
696 1365 872 1408 vrgeatur
902 1356 1063 1409 viribus,
1097 1357 1229 1411 quibus
1260 1358 1306 1397 ad
1325 1357 1447 1400 solem

136 1420 297 1462 trahitur
314 1453 326 1472 ‚
358 1432 440 1461 non
473 1419 640 1473 perfecte
673 1418 827 1459 obediet
846 1452 857 1472 ‚
891 1432 1014 1473 neque
1048 1421 1193 1461 idcirco
1243 1422 1283 1460 in
1326 1419 1446 1473 ellipfi

136 1483 356 1525 reuoluetur
396 1517 408 1536 ‚
467 1484 570 1523 cuius
637 1481 733 1523 alter
789 1482 895 1523 focus
952 1484 998 1524 sit
1057 1485 1096 1524 in
1164 1494 1300 1525 centro
1359 1484 1446 1524 solis

135 1547 372 1588 constitutus.
438 1545 486 1586 In
518 1545 700 1599 superiori
741 1546 897 1599 quidem
937 1545 1196 1587 dissertatione
1213 1580 1224 1600 ‚
1266 1548 1333 1587 vbi
1372 1559 1447 1587 no·

135 1620 203 1650 vas
235 1610 373 1650 tabulas
404 1622 477 1663 pro
502 1618 613 1649 motu
642 1607 727 1648 solis
758 1610 923 1649 condere
952 1609 1032 1650 sum
1067 1620 1223 1651 conatus
1242 1642 1253 1662 ,
1296 1609 1447 1652 affumfi

134 1685 347 1713 commune
380 1682 554 1714 centrum
588 1671 778 1725 grauitatis
811 1681 929 1712 terrae
963 1681 1002 1712 et
1035 1672 1145 1713 lunae
1174 1675 1213 1712 in
1233 1673 1354 1726 ellipfi
1373 1674 1446 1713 cir-

135 1748 181 1776 ca
214 1736 331 1776 solem
363 1736 402 1775 in
437 1736 515 1775 eius
546 1735 637 1775 foco
670 1735 898 1775 existentem
938 1736 1115 1787 reuolui,
1150 1746 1263 1790 atque
1297 1749 1350 1778 ex
1382 1737 1443 1777 lo·

138 1810 188 1837 co
220 1797 329 1836 lunae
363 1797 645 1837 aberrationem
677 1800 798 1839 centri
833 1807 953 1839 terrae
970 1801 1016 1840 ab
1034 1800 1099 1839 ista
1119 1800 1234 1853 ellipsi
1260 1800 1306 1840 ad
1325 1802 1442 1854 quod-

138 1861 196 1899 vis
226 1868 376 1914 tempus
407 1859 593 1913 affignaui.
662 1860 811 1902 Verum
843 1875 1058 1916 quanquam
1091 1862 1185 1903 haec
1219 1862 1444 1917 hypothesis

135 1923 183 1962 ad
216 1925 411 1964 veritatem
448 1923 630 1977 proxime
660 1926 802 1964 accedit
821 1958 831 1976 ,
867 1935 980 1979 atque
1013 1928 1109 1966 adeo
1142 1926 1310 1980 perfecte
1351 1941 1442 1968 con-

135 1986 312 2038 veniret,
346 1986 373 2027 fi
404 1988 503 2027 vires
542 1987 719 2027 distantiis
753 1988 898 2028 directe
946 1987 1064 2029 essent
1106 1991 1413 2044 proportionales
1432 2024 1443 2044 ,

137 2057 268 2088 tamen
300 2061 435 2102 operae
469 2051 633 2103 pretium
667 2051 819 2091 videtur
836 2084 846 2102 ,
882 2053 920 2091 in
954 2052 1056 2092 hunc
1089 2054 1209 2106 ipsum
1245 2067 1413 2095 errorem
1437 2050 1473 2107 ‚'

132 2124 216 2165 quo
246 2111 316 2153 ista
346 2111 566 2168 hypothesis
598 2126 620 2156 a
652 2114 814 2155 veritate
846 2116 1009 2171 recedit,
1042 2117 1263 2172 diligentius
1280 2119 1445 2172 inquire-

699 2177 740 2221 H
756 2176 786 2220 h
802 2177 831 2222 h
850 2188 876 2229 3
1388 2193 1445 2222 ιε,
