1820 2506
359 188 382 216 2
391 188 411 214 2
421 188 443 214 2
795 170 1017 221 MEDITA
1024 171 1235 219 TIO'NES

361 298 428 334 cae
446 294 486 333 in
505 293 574 334 illo
592 303 767 347 augeatur
785 297 1040 336 minuaturue.
1075 293 1130 333 Et
1150 293 1239 333 licet
1256 294 1462 348 aliquando
1483 295 1675 336 intenfita-

359 367 398 398 te
440 366 571 398 motus
610 358 761 400 huiusce
804 358 984 399 materiae
1019 369 1160 411 corpus
1201 356 1382 410 ingressae
1419 359 1591 400 calorem
1635 362 1676 399 in

362 426 411 461 eo
443 422 569 474 augeri
601 423 780 463 doceatur
798 455 808 474 ‚
846 422 1016 462 maxime
1047 430 1194 462 tamem
1231 420 1409 474 ingressus
1442 432 1479 462 et
1512 421 1677 464 deceffus

361 483 463 525 illius
495 478 535 525 in
569 485 711 525 diuersa
741 486 952 540 quantitate
986 496 1059 538 pro
1076 486 1240 539 genuina
1271 484 1385 525 causa
1405 485 1506 526 aneti
1523 487 1588 526 vel
1618 487 1677 527 di-

359 549 500 589 minuti
535 549 670 589 caloris
701 549 919 590 celebratur.
980 549 1097 605 &Quae
1138 549 1275 603 opinio
1317 561 1407 590 cum
1451 549 1491 588 in
1531 551 1678 591 multo-

358 626 447 653 rum
483 613 676 653 mentibus
708 623 788 654 tam
820 614 912 654 altas
944 614 1023 667 egit
1072 613 1214 653 radices
1230 645 1241 665 ,
1292 621 1517 666 tantumque
1574 614 1682 654 inva-

356 676 464 728 luit,
499 686 544 716 vt
579 676 710 729 paffim
743 679 783 718 in
816 677 1066 729 Physicorum
1094 676 1384 730 'scriptis-legas,
1420 685 1679 717 memoratam

356 740 528 793 superius
560 741 760 781 materiam
796 741 1075 796 quasiphyltro
1095 740 1262 795 quodam
1289 741 1477 781 amatorio
1504 740 1683 781 allecum

354 803 403 843 ‘in
435 801 647 857 corporum
697 818 817 859 poros
859 806 1030 857 irruere,
1061 813 1135 844 mut
1186 813 1322 844 contra
1366 803 1531 844 horrore
1580 804 1682 858 quasi

363 868 600 920 exagitatam
659 881 711 908 ex
756 870 868 922 poris
916 873 1160 922 erumpere,
1212 866 1467 921 quamobrem
1517 869 1684 909 muneris

363 931 482 971 nostri
513 929 591 971 effe
626 932 801 972 ducimus
835 932 933 972 hanc
960 930 1211 985 hypothesim
1238 932 1292 971 ad
1323 943 1491 972 examen
1514 943 1681 979 ‘reuoca-

350 997 419 1034 sre.
488 993 716 1034 Praesentim
750 1005 876 1035 autem
897 994 1021 1035 fontes
1054 994 1124 1048 ipsi
1157 994 1335 1035 lustrandi
1349 995 1451 1047 sunt,
1478 1006 1532 1036 ex
1551 994 1685 1050 quibu’s

349 1056 459 1098 haec
509 1058 646 1112 opinio
684 1060 955 1112 ‘premonauit
1022 1055 1188 1099 Eorum'
1217 1068 1346 1099 autem
1380 1060 1583 1112 Jpraecipui
1601 1058 1686 1099 sunt

348 1125 527 1174 'quatuor
545 1153 556 1171 ,
606 1133 704 1174 quos
736 1123 917 1174 equidem
959 1122 1006 1161 ad
1026 1122 1112 1161 ‘alia
1145 1122 1272 1174 potius
1313 1132 1470 1163 naturae
1506 1122 1683 1177 ⁴phaeno-

362 1194 480 1226 mena
510 1183 687 1225 diluenda
717 1183 877 1225 deriuari
907 1191 1119 1238 oporteret.

480 1314 520 1363 '§.
542 1326 612 1364 29.
632 1312 858 1368 Postquam
887 1312 1153 1355 calescentium
1179 1323 1391 1367 corporum
1417 1310 1687 1367 phaenomena

364 1379 545 1419 attentius
563 1378 800 1419 considerare
819 1387 1033 1431 coeperunt
1049 1376 1285 1431 philosophi,
1322 1377 1428 1417 facile
1447 1376 1680 1420 anim-aduer-

364 1451 513 1496 terunt,
549 1442 741 1485 crescente
775 1442 917 1495 calore,
953 1442 1073 1481 etiam
1092 1439 1279 1482 volumen
1315 1443 1687 1495 corporiscuiusque

367 1508 510 1560 augeri.
577 1507 633 1547 Et
650 1520 741 1546 cum
775 1505 872 1545 nihil
906 1515 1057 1559 praeter
1075 1504 1245 1545 calorem
1279 1504 1354 1545 illis
1379 1503 1563 1545 acceffiffe
1581 1514 1687 1545 certo

363 1569 500 1611 scirent
517 1603 528 1623 ,
562 1580 675 1624 atque
708 1569 951 1609 elementaris
984 1569 1233 1621 antiquorum
1269 1569 1366 1621 ignis
1389 1570 1533 1609 'animis
1565 1568 1687 1609 adhuc

364 1634 577 1674 inhaereret
604 1648 615 1688 3
659 1632 889 1673 concludere
937 1632 1026 1672 inde
1051 1643 1147 1671 ¹non
1185 1632 1403 1672 dubitarunt
1429 1664 1439 1684 ,
1466 1634 1688 1673 :materiam

365 1697 537 1751 aliquam
559 1698 637 1750 igni
662 1697 881 1751 propriam,
909 1708 1027 1750 poros
1042 1705 1277 1749 corporum,
1303 1708 1393 1735 cum
1426 1695 1686 1749 incalescunt,

366 1763 508 1803 intrare
523 1795 534 1815 ,
568 1772 686 1815 eaque
719 1759 960 1813 distendere,
996 1772 1069 1814 qua
1096 1760 1308 1805 ‘decedente
1340 1759 1474 1799 eadem
1493 1759 1685 1813 refrigera-

367 1828 431 1880 ri,
465 1825 651 1867 contrahi.
719 1823 911 1865 Lubenter
943 1824 1124 1878 equidem
1166 1823 1226 1863 his
1266 1819 1451 1864 assensum
1489 1824 1685 1878 praebere-

347 1904 454 1935 ·mus
472 1923 483 1943 ,
516 1890 544 1931 fi
593 1901 710 1943 quam
751 1888 857 1929 facile
898 1888 943 1928 fit
985 1887 1079 1928 haec
1122 1887 1333 1941 supponere
1351 1919 1362 1939 ,
1401 1897 1480 1927 tam
1516 1900 1686 1941 pronum

369 1966 523 2011 quoque
555 1951 650 1994 effer
679 1952 878 1994 ostendere
918 1952 956 1992 id
975 1985 985 2004 ,
1020 1964 1098 2006 quo
1132 1951 1321 1992 calorifica
1355 1952 1514 1991 materia
1532 1952 1571 1991 in
1596 1963 1688 1992 cor-

348 2019 467 2074 vpora
506 2018 628 2059 subito
673 2017 934 2058 incalescentia
981 2014 1244 2069 compellatur.
1329 2014 1408 2070 Qui
1446 2016 1564 2056 >enim
1612 2014 1657 2055 fit
1677 2047 1688 2067 ,

371 2081 509 2139 quaeso
527 2113 538 2133 ,
571 2090 616 2122 vt
640 2080 786 2134 hyeme
801 2079 1038 2135 frigidissimo
1070 2077 1161 2133 gelu·
1188 2078 1263 2120 late
1292 2080 1424 2120 omnia
1457 2088 1685 2135 occupante,

1623 2151 1686 2184 aut
