1820 2506
322 158 355 190 α
365 155 386 194 8
545 161 547 166 ’
785 146 861 194 ΤΗ
870 149 1177 194 EOREMATA

324 279 387 309 tur
420 269 459 307 in
494 267 565 308 hac
598 267 722 308 forma
755 275 890 318 ,μὶ-ι-
905 281 942 307 1.
1009 267 1205 309 Diuisores
1245 281 1338 322 ergo
1379 270 1498 323 primi
1540 270 1621 313 stim

325 345 412 373 mae
445 333 606 373 duorum
641 333 909 386 quadratomm
944 332 1240 372 continebuntur
1272 333 1312 371 in
1346 332 1417 374 hac
1458 334 1575 376 serie:

328 409 377 449 2,
408 406 455 449 5,
480 405 761 449 13>17‚.29‘‚
792 405 869 446 37,
897 408 977 446 41,
1011 406 1088 447 53,
1117 398 1197 449 61,
1225 405 1306 448 73,
1339 403 1415 450 89,
1444 409 1525 452 97,
1559 408 1637 440 etc.

706 483 708 485 ·
874 454 1160 512 Scholion.

477 552 547 586 20.
583 545 701 601 Quod
736 555 911 584 numerus
944 542 1053 584 huius
1086 543 1231 584 formae
1264 554 1395 594 4n—1
1445 556 1638 599 nunquam

324 609 439 664 poffit
473 609 547 650 effe
580 610 726 649 summa
760 609 925 648 duorum
969 608 1266 663 quadratorum,
1311 608 1418 648 facile
1460 609 1640 663 inteiligi-

325 683 399 719 tur.
465 673 650 716 Numeri
669 672 772 713 enim
807 672 979 726 quadrati
1013 672 1077 712 vel
1110 670 1194 712 sunt
1228 684 1336 724 pares
1370 672 1435 712 vel
1461 673 1640 725 impares,

321 738 379 784 ‚illi
412 739 452 778 in
484 737 555 792 hac
589 735 712 782 forma
746 748 823 788 4a,
858 735 901 775 hi
920 747 1015 775 vero
1049 736 1089 775 in
1123 735 1193 775 hac
1227 735 1362 785 4b—4—
1378 748 1396 773 1
1438 737 1643 777 continen-

322 810 396 842 tur.
464 802 594 858 Quare
627 809 671 840 vt
705 799 849 840 summa
883 799 1047 840 duorum
1080 799 1353 854 quadratorum
1385 799 1430 839 fit
1463 813 1643 841 numerus

323 866 460 919 impar,
495 865 658 904 alterum
676 877 744 916 par
777 863 938 915 alterum
972 863 1097 916 impar
1129 859 1206 902 effe
1238 872 1418 918 oportet,
1454 862 1543 903 hinc
1563 865 1641 904 ori-

324 927 551 969 turforma
594 926 914 977 4a-†—4b-†—1
963 925 1023 966 seu
1065 933 1235 976 4n-†-1
1262 958 1272 977 ‚
1315 926 1477 980 ideoque
1518 926 1641 967 nullus

322 1004 502 1032 numerus
536 991 645 1031 huius
677 989 824 1032 formae
856 1002 953 1040 4n—
967 1001 985 1028 1
1025 989 1171 1030 summa
1189 990 1352 1030 duorum
1371 990 1640 1043 quadratorum

324 1053 401 1099 effe
434 1055 574 1109 potest.
640 1054 759 1110 Quod
776 1065 879 1093 vero
899 1053 1050 1099 ,summa
1083 1055 1248 1094 duorum
1289 1054 1567 1107 quadratorum.
1591 1066 1641 1094 ne

324 1120 527 1161 diuisorem
553 1142 556 1154 ι
579 1119 734 1173 quidem
767 1116 929 1163 formae),
952 1130 1050 1168 472—
1064 1129 1082 1156 1
1123 1117 1299 1158 admittat
1320 1148 1331 1169 ,
1376 1117 1423 1157 ab
1464 1117 1640 1158 omnibus

322 1183 568 1237 scriptoribus
601 1181 782 1224 methodi
815 1178 1090 1235 Diophanteae
1122 1180 1272 1234 semper
1304 1179 1357 1220 est
1375 1178 1637 1221 affirmatum:

324 1259 443 1287 nemo
479 1256 608 1286 autem
642 1254 845 1301 vnquam,
880 1253 1064 1315 quantum
1099 1243 1199 1284 mihi
1217 1241 1384 1296 constit,
1419 1243 1458 1284 id
1476 1244 1640 1287 demon-

323 1310 481 1374 strauit,
470 1342 487 1361 ,‚
517 1318 685 1372 excepto
719 1307 750 1348 F
752 1317 915 1348 ermatio
933 1340 944 1361 ‚
988 1306 1053 1362 qui
1093 1317 1221 1348 autem
1260 1306 1362 1348 suam
1404 1308 1640 1350 demonstra

317 1365 477 1414 tionem
512 1384 707 1426 nunquam
739 1371 976 1425 publicauit,
1009 1372 1061 1410 ita
1092 1380 1138 1410 vt
1171 1368 1270 1411 mihi
1313 1371 1468 1424 quidem
1511 1372 1640 1413 videar

324 1438 471 1491 primus
505 1436 539 1475 h
534 1448 603 1476 mc
637 1435 839 1482 veritatem
873 1433 1025 1487 publice
1057 1429 1361 1487 demonstrasse·
1397 1433 1546 1475 nullum
1566 1449 1636 1476 nu-

323 1513 477 1542 merum
512 1499 576 1540 vel
610 1498 721 1550 huius
754 1497 899 1538 formae
931 1509 1028 1548 4n
1043 1507 1061 1537 1
1099 1496 1166 1537 vel
1199 1510 1269 1551 per
1301 1510 1505 1539 numerum
1539 1499 1637 1539 eius-

322 1564 412 1605 dem
445 1546 592 1604 foimae
623 1561 848 1603 diuifibilem
881 1574 1051 1615 vnquam
1084 1557 1161 1601 effe
1193 1558 1303 1614 poffe
1334 1560 1523 1602 summam
1541 1563 1637 1602 duo-

322 1627 410 1670 rum
443 1618 729 1690 quadratOrum.
797 1626 901 1678 Hinc
934 1638 1027 1678 ergo
1057 1624 1218 1695 sequitur
1250 1637 1413 1665 omnem
1446 1624 1635 1687 summam

317 1691 489 1732 vduorum
522 1691 790 1758 quadratorum
825 1689 924 1729 inter
957 1688 992 1729 fia
1025 1688 1245 1743 primorum
1278 1687 1343 1729 vel
1383 1683 1459 1728 effe
1500 1684 1635 1731 nume-

321 1769 409 1798 rum
451 1754 650 1810 primum
691 1745 757 1794 vel
797 1751 869 1793 bin
864 1766 945 1792 mo
987 1756 1159 1807 excepto
1200 1748 1295 1792 alios
1335 1752 1512 1794 diuisores
1551 1766 1634 1796 non

322 1819 480 1872 habere,
516 1818 583 1860 nisi
618 1818 683 1872 qui
717 1818 757 1857 in
791 1816 931 1856 forma
948 1824 1120 1867 4n—†-1
1161 1817 1444 1857 contineantur.

755 1880 1093 1943 Theorema
1140 1885 1200 1944 6.

443 1958 445 1960 ,
478 1986 546 2014 21.
583 1969 734 2016 Omnes
769 1973 946 2015 diuisores
978 1964 1145 2014 summae
1186 1973 1351 2014 duorum
1391 1970 1634 2026 biquadrato-

321 2052 408 2082 rum
444 2038 543 2080 inter
575 2038 611 2079 se
644 2039 862 2091 primorum
901 2036 985 2081 sunt
1025 2036 1091 2082 vel
1132 2048 1156 2078 2
1177 2069 1189 2091 ,
1231 2035 1298 2080 vel
1336 2038 1486 2080 numeri
1525 2037 1637 2078 huius

318 2104 467 2147 formae
505 2109 637 2152 87²4-
653 2114 691 2143 1.
985 2131 987 2134 -
1454 2098 1635 2146 Demon-
