1820 2506
369 169 462 220 248
858 158 1250 210 DISSERTATIO

370 283 609 340 liquidorum
640 294 854 339 corporum
883 282 1068 326 confiifio.
1134 282 1246 340 Quae
1276 281 1317 326 in
1333 295 1382 326 eo
1399 280 1526 326 solum
1557 279 1697 328 disere:

373 360 470 404 pant
487 382 499 403 ‚
548 349 653 405 quod
692 349 760 391 vbi
800 348 879 389 duo
918 360 1086 403 corpora
1125 346 1271 403 liquida
1304 349 1587 390 confunduntur
1604 383 1616 403 ,
1649 362 1694 392 v-

371 423 551 469 trumque
583 423 696 456 motu
729 412 921 455 intefflno
952 411 1191 467 progreffiuo
1231 412 1383 454 alterius
1423 426 1541 467 poros
1592 415 1691 457 inui-

371 490 463 519 cem
513 487 688 533 penetrat
705 511 718 531 ‚
766 489 903 518 verum
945 477 1011 518 vbi
1049 490 1191 532 corpus
1230 476 1415 531 liquidum
1446 474 1537 518 'cum
1569 478 1694 522 solido

371 542 540 597 iungitur
557 576 570 597 ,
603 552 686 584 tum
720 541 844 584 solum
875 553 1014 596 corpus
1045 542 1231 597 liquidum
1248 542 1441 583 mediante
1474 550 1584 584 motu
1601 555 1692 599 pro·

369 606 532 661 greffiuo
564 607 744 648 intestino
776 618 896 661 poros
927 606 1037 648 solidi
1068 607 1290 660 ingreditur.

524 672 560 722 §.
586 678 626 715 8.
669 670 832 726 Liquida
871 683 944 726 per
981 669 1246 714 confiisionem
1293 670 1366 712 alia
1413 669 1588 716 libenu‘us
1626 669 1698 714 alia

369 734 568 778 difficilius
592 734 874 791 'permiscentur
890 768 902 789 ,
935 747 973 777 e·
991 748 1029 789 g.
1068 749 1164 791 aqua
1196 749 1287 777 cum
1315 735 1500 790 spiritibus
1532 735 1700 790 aquosis,

369 810 417 842 vt
447 801 530 842 sunt
561 801 661 842 acidi
693 810 733 842 et
750 800 924 841 ardentes
941 832 952 852 ‚
985 799 1095 841 filcile
1125 800 1371 841 confiinditur
1389 833 1401 853 ,
1435 809 1474 840 at
1493 812 1583 840 cum
1603 799 1698 842 oleis

367 864 477 919 iungi
508 864 694 906 detreerat
709 897 722 918 ‚
755 864 840 919 pari
871 864 1022 905 ratione
1054 875 1222 919 corpora
1254 863 1370 904 solida
1402 862 1621 917 liquefacta,
1649 872 1698 906 vt

367 929 561 971 metallica
593 929 757 971 metallis
772 961 784 983 ,
816 936 940 969 terrea
972 929 1082 970 terris
1098 961 1110 982 ,
1142 928 1252 969 salina
1285 927 1414 969 salibus
1446 929 1573 970 multo
1603 928 1696 971 faci-

367 992 439 1034 lius
471 994 656 1035 vniuntur
673 1026 685 1046 ,
725 1005 840 1049 quam
880 992 1070 1035 metallica
1101 1004 1270 1048 corpora
1305 993 1412 1033 terris
1430 991 1494 1033 vel
1515 992 1696 1048 lapitibus

368 1066 434 1099 aut
481 1056 611 1099 fidibus
642 1057 736 1099 fi1s1s.
802 1057 872 1099 Ex
913 1069 993 1111 quo
1040 1057 1164 1098 elucet
1182 1090 1193 1110 ,
1243 1056 1440 1111 particulas
1481 1069 1697 1112 corporum

365 1121 579 1162 fluidorum
612 1122 783 1161 eiusdem
817 1123 966 1174 generis
996 1120 1138 1161 facilius
1171 1130 1284 1162 motu
1318 1119 1555 1174 progreffiuo
1585 1122 1693 1164 iuxta

366 1183 405 1225 se
445 1184 614 1226 inuicem
654 1185 804 1238 serpere
846 1195 887 1225 et
927 1195 1047 1239 poros
1079 1183 1288 1239 peruadere
1303 1216 1315 1237 ,
1355 1195 1472 1238 quam
1502 1184 1704 1239 particulas

368 1260 582 1305 corporum
614 1248 852 1304 liquidorum
885 1247 1248 1302 heterogeneorum.

518 1311 553 1361 ξ.
576 1323 618 1361 9.
654 1310 998 1364 Homogeneitatis
1033 1312 1150 1365 igitur
1180 1312 1280 1354 ratio
1312 1312 1429 1354 etiam
1462 1313 1503 1354 in
1536 1308 1704 1367 ingressu

370 1376 605 1432 liquidorum
645 1376 688 1417 in
729 1387 848 1429 poros
888 1373 1100 1417 solidorum
1144 1389 1358 1431 corporum
1400 1376 1532 1418 haberi
1574 1378 1701 1420 debet.

372 1439 440 1498 (ξ.
464 1444 521 1494 7)
567 1440 646 1482 hoc
698 1439 752 1480 est
801 1439 916 1481 fluida
956 1452 1076 1494 poros
1114 1439 1222 1481 solidi
1255 1440 1495 1495 homogenei
1527 1442 1669 1484 facilius
1685 1472 1699 1495 ,

369 1505 620 1559 heterogenei
661 1503 855 1546 difficilius
894 1504 1153 1556 ingrediantur
1195 1503 1345 1546 necefl‘e
1377 1506 1444 1546 est.
1511 1507 1631 1562 Quod
1648 1505 1704 1546 se-

371 1570 504 1625 quenti
537 1569 777 1623 experientia
809 1567 1098 1620 comprobatur.
1165 1568 1332 1610 Metalla
1362 1570 1554 1610 nobiliora
1586 1570 1654 1611 vbi
1680 1581 1704 1612 a

372 1633 573 1675 vilioribus
598 1633 651 1689 'in
667 1631 780 1674 furno
820 1631 1070 1673 decimastico
1086 1631 1329 1674 secernuntur
1346 1666 1358 1686 ,
1392 1642 1475 1674 tum
1492 1634 1699 1688 plumbum

370 1697 497 1739 susum
530 1697 724 1751 cupellam
758 1709 839 1737 non
871 1697 1110 1751 ingreditur,
1142 1699 1232 1752 quin
1266 1698 1367 1751 prius
1399 1698 1588 1738 vitrescat.
1623 1698 1699 1740 Ni·

373 1764 520 1806 mirum
552 1763 732 1816 quamdiu
771 1760 1088 1802 inflammabilem
1128 1761 1329 1803 materiam
1359 1794 1370 1814 ,
1403 1775 1498 1815 quae
1530 1762 1698 1804 metallis

374 1837 414 1868 et
446 1826 689 1882 splendorem
712 1835 751 1867 et
768 1825 1018 1867 duetilitatem
1038 1827 1219 1867 conciliat
1237 1859 1249 1878 ,
1289 1827 1329 1866 in
1348 1827 1546 1867 mixtione
1563 1827 1622 1867 sua
1640 1839 1701 1868 re-

373 1892 493 1945 tinet,
528 1892 677 1932 tamdiu
695 1903 784 1932 cum
803 1891 993 1931 cineribus
1008 1891 1199 1945 cupellam
1220 1890 1533 1932 constituentibus
1552 1891 1702 1933 misceri
1718 1930 1719 1934 ,

374 1965 414 1997 et
433 1968 550 2010 poros
567 1956 723 1998 illorum
741 1955 947 2010 peruadere
963 1968 1044 1996 non
1078 1956 1216 2010 potest.
1282 1956 1339 1996 At
1354 1953 1553 2009 postquam
1581 1954 1698 2010 phlo-

375 2020 511 2073 giCton
551 2021 595 2061 vi
636 2022 736 2075 ignis
775 2033 798 2062 a
834 2019 987 2074 reliquis
1026 2020 1176 2075 plumbi
1206 2018 1448 2060 miscibilibus
1478 2020 1700 2073 excutitur,

375 2092 462 2127 tum
520 2084 560 2125 id
609 2085 744 2129 amiffa
792 2084 1004 2127 duetintate
1060 2093 1101 2125 et
1148 2083 1348 2141 splendore
1394 2083 1591 2128 metallico
1639 2085 1700 2125 vi-

1523 2146 1651 2191 trescit
1683 2180 1697 2203 ,
