1820 2506
877 114 912 176 I(
949 128 1007 172 54
1038 116 1072 177 )(

305 225 454 274 elastIca
484 226 526 274 in
556 227 661 288 poris
691 241 826 275 eorum
857 240 985 274 renata
1017 230 1114 273 solui
1144 229 1305 274 docetur
1322 264 1333 286 ‚
1366 231 1401 283 §-
1426 241 1478 285 51
1502 257 1520 265 -
1541 243 1613 285 27·

304 293 454 337 Veritas
502 298 776 351 experimentis
817 296 1063 338 confirmatur
1114 295 1148 344 §.
1188 301 1243 337 28
1287 305 1326 337 et
1358 309 1415 348 29
1435 331 1448 351 ‚
1489 307 1528 339 et
1577 300 1612 348 ξ.

310 368 365 406 30
408 383 424 387 -
467 373 527 412 34
552 393 564 413 ‚
599 361 886 415 phoenomenis
931 360 1135 414 explicatis
1198 358 1358 400 vlterius
1414 362 1612 415 probatur.

309 421 591 464 mathematico
639 423 786 464 calculo
833 424 996 476 denique
1040 421 1235 463 adstruitur
1260 454 1273 475 ,
1324 424 1362 472 §.
1399 435 1451 473 35
1488 450 1506 457 -
1542 434 1616 477 38.

307 484 411 527 Sales
442 488 480 527 in
498 500 590 541 aqua
607 488 696 527 solui
720 487 797 526 sola
812 485 987 526 frictione
1011 493 1050 525 et
1066 485 1286 527 confusione
1302 489 1615 541 corpusculorum

305 550 406 589 illius
426 564 515 591 cum
550 552 676 605 aqueis
709 549 899 603 particulis
930 548 1058 590 salium
1084 549 1312 602 ostenditur,
1339 552 1374 600 §.
1413 561 1471 601 39
1507 578 1523 582 -
1557 563 1616 605 47

306 611 526 654 Solutiones
559 616 598 654 in
642 614 822 654 mediatas
856 621 895 653 et
926 613 1164 654 immediatas
1196 613 1429 667 diuiduntur,
1481 615 1515 664 ξ.
1560 621 1617 667 48

308 686 348 716 et
367 691 437 727 49.
487 676 757 731 suspensurum
799 677 839 716 in
871 677 1066 718 menstruo
1117 676 1387 731 particularum
1436 676 1480 719 fit
1511 693 1624 722 men-

307 741 366 781 tio
418 741 452 789 §.
494 751 563 790 50.

357 829 426 867 DE
452 829 595 867 MOTV
624 831 760 868 AERIS
795 830 841 867 IN
867 828 1051 866 FODINIS
1084 828 1395 868 OBSERVATO.
1430 831 1576 871 AVCT.

753 880 802 917 M.
829 879 1159 917 LOMONOSOW.

389 944 489 984 rimo
522 943 787 997 phoenomeni
818 942 1030 983 obseruatio
1058 952 1096 983 et
1116 942 1323 996 descriptio
1356 956 1409 985 ex
1444 942 1621 1000 Georgia

417 1008 597 1060 Agricola
641 1008 882 1061 proponitur.
946 1006 1121 1048 Tandem
1146 1002 1199 1055 ἶξ.
1239 1019 1256 1045 1
1283 1030 1298 1037 -
1319 1021 1360 1057 9.
1396 1008 1626 1051 definitones

307 1087 397 1115 cum
440 1071 645 1112 corollariis
686 1071 933 1111 exhibentur.
998 1069 1181 1124 Denique
1221 1071 1256 1119 ξ.
1296 1084 1350 1111 10
1371 1099 1384 1104 -
1407 1085 1477 1123 24.
1499 1073 1625 1115 osten-

309 1138 411 1178 ditur
430 1168 440 1187 ,
474 1147 524 1175 ex
558 1136 698 1176 diuersa
731 1134 911 1175 denfitate
952 1135 1048 1174 ae'ris
1080 1133 1295 1175 fodinarum
1339 1136 1386 1176 ab
1432 1149 1476 1177 ea
1510 1149 1625 1190 quam

311 1211 491 1242 externus
532 1198 675 1249 habet,
716 1207 872 1237 motum
914 1197 1018 1238 hunc
1060 1196 1186 1248 nasci,
1225 1207 1264 1237 et
1294 1211 1384 1238 cum
1418 1200 1456 1239 in
1489 1199 1627 1240 fodinis

308 1266 404 1306 zetis
437 1262 542 1302 calor
576 1262 620 1302 sit
653 1260 827 1300 constans
847 1293 857 1311 ‚
892 1261 1044 1300 externi
1079 1272 1177 1300 vero
1210 1261 1331 1300 varius
1349 1294 1360 1313 ,
1396 1272 1435 1303 et
1468 1264 1625 1317 quidem

309 1329 435 1370 maior
469 1325 604 1365 aestate
623 1357 633 1377 ‚
668 1324 812 1375 hyeme
846 1325 976 1366 minor
994 1356 1006 1375 ‚
1039 1324 1318 1375 reciprocantes
1352 1325 1547 1366 fluxiones
1565 1328 1627 1366 in-

310 1394 358 1433 de
390 1388 595 1445 proficisci.
639 1386 796 1428 Vltimo
849 1387 931 1427 vsus
972 1386 1084 1426 huius
1116 1385 1288 1427 theoriae
1322 1387 1483 1431 breuiter
1525 1390 1624 1431 indi-

311 1466 430 1498 catur.

310 1545 377 1583 DE
402 1542 572 1580 INSIGNI
596 1542 861 1579 PARADOXO
889 1540 1096 1579 PHYSICO
1125 1539 1256 1577 AERE
1289 1539 1401 1577 SCIL.
1439 1540 1485 1579 IN
1521 1548 1555 1581 18
1565 1555 1625 1590 37,

324 1592 590 1631 VOLVNIINIS
614 1593 809 1630 PARTEM
839 1592 977 1634 AQVA
1012 1590 1324 1627 GELASCENTE
1357 1591 1610 1638 REDVCTO,

339 1645 405 1682 ET
421 1643 487 1679 DE
502 1642 760 1679 COMPVTA'I
771 1643 886 1679 IONE
912 1641 985 1677 VIS
998 1641 1142 1684 QVAM
1171 1639 1308 1683 AQVA
1324 1640 1599 1678 GELASCENS

352 1694 416 1731 ET
431 1692 537 1728 SESE
551 1692 595 1728 IN
612 1692 757 1730 MAIVS
772 1691 1011 1728 VOLVMEN
1027 1690 1296 1726 EXPANDENS
1313 1690 1354 1725 IN
1371 1689 1583 1728 SPHAERA

359 1743 496 1780 CAVA
524 1742 732 1785 FERREA,
774 1742 940 1779 BOMBA
960 1767 970 1784 ‚
994 1740 1160 1782 DICTA,
1188 1740 1253 1775 AD
1270 1740 1371 1775 EAM
1402 1741 1576 1777 DlSRVM

377 1792 568 1829 PENDAM
589 1792 820 1834 IMPENDIT,
856 1789 1211 1828 COGITATIONES
1226 1789 1290 1824 ET
1306 1789 1562 1827 CONSILIVM

422 1841 679 1885 QVOMODO
707 1842 872 1879 REPETI
897 1839 1091 1877 DEBEAT
1120 1839 1508 1877 EXPERIMENTVM.

665 1892 808 1928 AVCT.
845 1892 892 1929 G.
920 1890 979 1926 W.
1010 1888 1275 1926 RICHMANN.

315 1954 530 2070 Ametor
580 1967 816 2006 examin-anit
866 1974 1048 2018 quantum
1092 1963 1291 2014 paradoxo
1332 1963 1472 2003 Harlesii
1506 1976 1627 2017 expe-

455 2030 619 2069 rimento
655 2030 703 2070 de
745 2027 1026 2082 compressione
1059 2026 1156 2066 aeris
1172 2058 1183 2077 ,
1223 2038 1317 2081 aqua
1350 2027 1631 2081 congelascente

1583 2103 1623 2131 m
