1820 2506
374 213 465 256 474
498 199 880 250 CONTINVATIO
926 201 1219 248 OBSERVAT.
1268 200 1608 250 ASTRONOM.'

682 326 854 365 vationes
872 357 883 377 ‚
925 325 1061 365 vmbra
1096 335 1196 363 nunc
1248 321 1361 364 valde
1409 324 1526 366 diluta
1567 335 1682 379 appa‘

685 398 801 428 rente.

480 462 550 501 53.
586 463 660 502 40.
698 452 889 493 Aristan-ci]
910 465 933 490 is
950 460 1053 493 totus
1079 451 1239 504 emergit
1266 462 1320 491 ex
1346 450 1496 491 vmbra.

388 516 1229 567 m.5.w.ffifflwtmmfflmffln

686 580 817 620 Postea
862 579 1015 620 coelum
1058 579 1110 619 est
1142 577 1283 618 fadffim
1320 578 1493 619 maxime
1526 590 1705 631 vapor02

686 644 787 696 film,
822 643 960 684 halone
1001 643 1126 684 lunam
1162 644 1349 695 cingente,
1387 654 1457 682 nec
1492 642 1570 682 vlla
1589 641 1694 682 stella

691 707 908 761 conspicua,
927 709 979 747 ita
996 716 1041 747 vt
1059 706 1222 748 maculas
1246 706 1421 745 clariores
1439 715 1477 745 et
1495 706 1670 747 vmbram
1685 738 1697 758 ‚

690 771 909 825 praesertim
950 771 1060 811 valde
1093 771 1248 811 dilutam
1279 770 1352 809 vix
1385 769 1613 822 distinguere
1648 769 1696 809 li-

692 845 795 876 ceret
823 849 834 889 3
877 846 972 889 quae
1005 834 1180 874 conditio
1220 833 1378 886 reliquas
1418 833 1697 873 obseruationes

696 899 815 939 irritas
833 931 845 950 ‚
877 900 960 939 imo
1010 899 1058 938 de
1097 897 1175 938 fine
1230 895 1375 950 eclipfis
1430 895 1541 937 valde
1580 897 1702 937 incer-

698 971 780 1001 tum
814 974 879 1000 me
910 961 1082 1001 reddidit.

492 1028 565 1074 58.
635 1034 677 1064 0.
713 1022 896 1064 Limbum
917 1024 1045 1064 Lunae
1065 1033 1152 1064 ante
1175 1021 1397 1075 eclipffitum
1432 1035 1532 1062 nunc
1563 1022 1701 1063 vmbra

698 1087 861 1126 liberum
894 1096 1048 1124 cernere
1082 1085 1236 1124 credidi.
1303 1085 1367 1123 Ad
1401 1084 1478 1125 hoc
1496 1098 1587 1139 ergo
1605 1095 1702 1126 tem-

703 1160 774 1202 pus
805 1147 928 1188 finem
961 1146 1107 1201 eclipfis
1139 1148 1285 1187 circiter
1317 1145 1453 1186 referre
1484 1147 1589 1187 licet.

399 1223 471 1263 14.
543 1226 584 1255 1.
650 1223 678 1253 ο
715 1210 931 1252 Certiffime
964 1209 1050 1251 finis
1081 1210 1228 1264 eclipfis
1267 1210 1345 1250 iam
1380 1209 1584 1251 celebratus
1624 1209 1706 1262 est,

701 1283 816 1331 prout
849 1275 889 1316 id
920 1286 1073 1330 quoque
1104 1273 1381 1315 obseruationes
1410 1287 1481 1330 per
1522 1274 1633 1317 tubos
1663 1277 1706 1315 6.

708 1348 748 1381 et
783 1350 822 1390 3.
859 1340 948 1396 ped.
981 1337 1265 1381 confirmarunt.

1524 2154 1722 2207 CONTI-
