1820 2506
506 174 810 225 SPECIMEN
840 173 1068 224 PRIMVM
1349 191 1435 233 301

125 301 238 344 etiam
271 299 367 341 haec
401 300 671 341 determinatio
711 297 937 340 mechanice
977 296 1060 338 fieri
1101 296 1234 352 absque
1275 295 1438 338 calculo.

125 367 210 408 Axi
251 365 391 406 scilicet
431 364 563 404 indicis
601 372 786 404 excauato
826 362 1056 403 immittatur
1100 361 1201 401 stilus
1239 363 1361 402 tenuis
1393 361 1442 402 ad

122 443 211 471 eam
245 430 500 480 altitudinem,
535 429 574 467 in
594 440 666 481 qua
700 440 770 481 per
787 427 959 467 tubuulm
992 425 1103 479 iuper
1133 426 1271 477 indice,
1304 425 1350 466 ad
1368 424 1445 465 ho-

122 507 206 536 ram
250 491 481 547 praelentem
524 490 726 543 conuersO,
760 491 910 545 planeta
936 491 1217 531 extremitatem
1245 486 1318 530 stili
1335 489 1446 530 strin-

126 569 214 612 gere
248 558 418 597 videatur
436 588 447 608 ‚
481 557 529 596 fic
562 554 759 596 habebitur
791 555 901 596 simul
934 565 975 595 et
1005 555 1105 595 linea
1144 554 1351 594 meridiana
1369 553 1446 593 ho-

128 621 268 675 rologii
286 653 298 673 ,
338 629 377 659 et
418 628 575 671 tangens
614 628 653 658 et
687 619 807 659 secans
848 619 1116 659 declinationis
1133 650 1146 670 ,
1187 629 1283 672 quae
1317 617 1446 672 poste-

128 687 208 726 rior
248 684 287 723 in
331 682 446 723 cauda
490 682 627 735 speculi
665 681 806 734 fignata
843 683 1052 735 quamlibet
1090 683 1169 723 eius
1210 681 1445 736 pofitionem

130 748 337 798 concedit,
372 747 396 786 fi
431 746 556 786 modo
587 746 774 786 terminus
815 745 883 786 iste
925 747 1088 800 signatus
1128 759 1217 787 cum
1257 746 1446 787 extremi-

128 823 206 854 tate
238 810 311 850 stili
345 819 544 862 congruat.
588 807 664 850 Sed
697 811 877 863 quoniam
912 810 952 850 in
986 809 1164 851 omnibus
1206 810 1285 850 aliis
1317 809 1447 863 dispo-

128 873 321 917 (itionibus
355 873 482 928 aliquo
518 882 695 928 tempore
736 874 988 929 apparitionis
1020 874 1197 927 planetae
1236 874 1358 914 radius
1388 874 1444 912 in‹

125 940 258 980 cidens
291 938 469 991 angulum
503 939 593 978 facit
626 938 740 978 nimis
771 947 922 979 acutum
941 970 953 989 ,
995 939 1099 978 vnde
1133 936 1307 977 viuidum
1341 935 1448 976 obie-

124 1004 235 1044 ctum
269 1004 308 1042 in
343 1003 478 1043 tubum
518 1002 650 1042 deferri
683 1003 814 1055 nequit
832 1036 843 1056 ‚
886 1002 1012 1042 nostra
1044 1000 1197 1054 reliquis
1227 1002 1302 1040 erit
1336 1012 1447 1053 prae-

120 1066 273 1108 ferenda
293 1099 304 1118 ,
338 1065 403 1106 vbi
436 1065 592 1118 angulus
624 1066 852 1106 incidentiae
883 1079 969 1106 raro
1000 1065 1095 1106 infra
1127 1071 1205 1115 45⁰
1241 1063 1448 1117 descendit,

125 1132 296 1184 adeoque
329 1129 688 1182 repraesentationes
722 1130 844 1182 magis
875 1129 1026 1169 viuidae
1059 1129 1152 1169 sunt.

273 1190 304 1241 ξ,
335 1203 390 1242 ¹9
438 1191 692 1233 Attendamus
732 1205 832 1232 nunc
874 1193 921 1232 ad
961 1192 1281 1233 commoditatem
1301 1222 1314 1245 ,
1352 1203 1452 1246 quae

125 1268 181 1299 ex
213 1254 341 1297 nostra
381 1255 574 1297 methodo
608 1256 647 1296 in
682 1255 965 1298 obseruatorem
1008 1257 1204 1298 redundat.
1270 1256 1346 1298 Hic
1378 1255 1450 1296 sel-

126 1322 185 1363 lae
218 1331 349 1362 coram
386 1320 489 1361 vitro
521 1320 662 1361 oculari
697 1320 857 1361 infidens
887 1319 1052 1362 otiosum
1085 1322 1162 1375 agit
1191 1320 1448 1374 spectatorem

126 1385 298 1439 respectu
329 1385 554 1426 directionis
586 1384 678 1425 tubi.
747 1386 853 1426 Haec
888 1385 947 1425 lua
980 1387 1060 1426 otia
1092 1397 1189 1426 vero
1225 1385 1451 1439 impendere

129 1449 258 1505 potest
289 1450 334 1490 ad
368 1462 417 1489 eo
436 1448 712 1489 adcuratiorcm
747 1448 1052 1491 obseruationem
1085 1449 1450 1504 phaenomenorum

129 1513 363 1554 coelestium.
433 1512 658 1553 Diametros
707 1513 930 1566 adparentes
978 1514 1217 1567 planetarum
1260 1514 1337 1553 iam
1371 1523 1452 1566 ope

130 1577 372 1619 micrometri
403 1577 509 1617 nullo
525 1575 602 1616 fere
620 1577 778 1629 negotio
811 1576 1315 1631 dete1minat,expe6tant
1340 1577 1450 1617 enim

130 1642 464 1683 mensurationem.
530 1640 700 1694 Eclipies
731 1639 819 1681 solis
861 1651 902 1681 et
933 1641 1046 1681 lunae
1081 1652 1294 1711 earumque
1321 1638 1453 1694 phases

132 1707 276 1760 quietus
309 1706 482 1745 attendit.
552 1703 797 1745 Macullrum
839 1705 1016 1745 solarium
1060 1714 1098 1745 et
1132 1689 1321 1745 lunarium
1354 1703 1449 1758 figu

133 1782 215 1810 ram
257 1778 297 1807 et
339 1769 445 1808 situm
478 1768 688 1810 commode
729 1769 901 1810 delineat
972 1769 1020 1810 ln
1054 1781 1192 1822 genere
1225 1769 1359 1809 οῐηηίι
1392 1780 1454 1809 re·-

136 1833 254 1872 deunt
286 1831 374 1871 inde
405 1834 614 1874 commoda
633 1865 643 1885 ‚
679 1846 774 1887 quae
807 1842 845 1873 et
878 1845 929 1874 ex
962 1832 1151 1875 fixatione
1183 1833 1378 1873 radiorum
1413 1840 1454 1881 et

139 1908 189 1936 ex
225 1894 340 1936 firmo
374 1904 412 1935 et
446 1897 664 1936 commodo
697 1897 764 1937 situ
799 1897 876 1937 tubi
908 1896 1044 1938 fluunt.
1111 1896 1339 1950 Longiffimi
1373 1895 1455 1937 tubi

141 1971 298 2000 centia-n
327 1968 367 1999 et
399 1959 499 2000 vltra
531 1961 673 2013 pedum
694 1992 705 2012 ,
736 1961 824 2001 licet
860 1963 1031 2014 optimae
1064 1971 1207 2013 notae,
1244 1961 1382 2001 nullius
1399 1970 1456 2001 ta·

142 2036 233 2065 men
274 2022 348 2062 fere
385 2023 469 2063 vsus
508 2024 620 2078 sunt,
660 2025 751 2065 dum
795 2026 867 2065 vix
901 2025 1003 2066 vltra
1042 2026 1282 2066 altitudinem
1315 2023 1454 2079 viginti

143 2096 208 2129 aut
240 2087 393 2141 triginta
429 2089 612 2142 graduum
661 2088 812 2140 attolli,
854 2088 1016 2146 ideoque
1063 2102 1106 2133 m
1144 2088 1455 2143 contemplandis

724 2153 752 2194 P
768 2164 797 2213 p
818 2165 842 2209 3
1296 2150 1455 2211 planetis
