1820 2506
347 185 429 227 DE
463 181 629 227 MOTV
668 177 968 226 NODORVM
1001 177 1206 223 LVNAE
1347 191 1431 231 393

119 308 230 347 xima
279 305 444 357 caligine
496 300 698 352 involuta,
742 311 827 342 tum
878 300 1070 353 imprimis
1111 313 1153 339 ea
1181 332 1192 353 ‚
1248 312 1344 352 quae
1387 300 1436 340 de

115 380 228 410 motu
275 369 397 408 lineae
447 367 639 406 nodorum
684 376 722 405 et
762 367 809 405 de
841 365 1052 405 variatione
1094 365 1355 405 inclinationis
1388 364 1436 404 ad

115 434 331 486 eclipticum
382 429 550 471 differuit
571 461 581 480 ,
630 442 711 469 non
753 430 894 483 vbique
935 429 1102 482 rigorem
1156 430 1436 482 geometricum

117 510 208 551 prae
240 496 275 536 se
307 494 400 536 ferre
432 496 619 535 videntur.
687 494 767 550 Qui
800 503 941 533 autem⁴
960 493 1046 546 post
1080 492 1311 534 Neutonum
1348 492 1437 532 huic

116 562 243 601 eidem
277 559 436 611 negotio
470 560 504 598 se
545 557 829 610 applicuerunt,
873 570 954 597 non
987 557 1109 597 solum
1155 569 1235 596 non
1278 557 1437 596 vlterius

117 625 198 664 sunt
238 622 448 676 progressi,
490 622 550 662 sed
591 633 642 660 ne
682 622 721 661 id
763 622 918 675 quidem
959 620 1034 660 fere
1075 621 1366 675 praestiterunt,
1399 621 1440 660 in

118 701 194 742 quo
236 687 464 728 Neutouum
513 684 596 724 fi1tis
628 684 784 724 feliciter
825 695 1049 737 praeuntem
1092 685 1317 725 habuerunt.

233 752 266 799 ξ.
321 763 364 799 4.
399 747 688 802 Saepenumero
717 761 869 802 quoque
901 747 977 798 ipse
1011 749 1120 789 istum
1155 749 1330 790 laborem
1352 756 1435 788 ten·

115 814 191 854 taui
210 846 222 866 ,
262 814 410 865 semper
452 823 579 853 autem
624 813 757 852 calculi
800 812 1049 853 taediosiffimi
1095 813 1338 853 difficultates
1369 825 1436 852 me

115 877 177 917 vel
227 878 487 917 deterruerunt
536 875 600 915 vel
649 877 966 930 impediueruut,
1019 890 1097 929 quo
1147 880 1274 917 minus
1306 877 1436 916 lhltem

115 941 343 981 Neutonum
377 939 599 992 assequerer.
668 940 807 992 Neque
859 951 955 978 vero
990 948 1088 980 'tum
1140 940 1264 978 adhuc
1299 939 1346 978 ad
1379 938 1436 977 di-

114 1003 361 1057 screpantiam
409 1003 558 1043 orbitae
597 1002 732 1042 lunaris
772 1003 820 1042 ab
861 1002 1034 1055 ecliptica
1078 1002 1316 1056 respexeram
1338 1035 1348 1053 ‚
1385 1013 1435 1042 ne

113 1067 236 1108 statim
279 1067 325 1108 ab
367 1067 482 1107 initio
515 1066 703 1106 obstacula
743 1067 860 1105 nimis
892 1079 1098 1117 augerem,
1138 1066 1304 1120 hincque
1337 1065 1435 1106 mihi

114 1132 271 1184 quidem
308 1131 408 1170 reete
443 1129 625 1182 colligere
658 1128 756 1168 visus
788 1129 867 1169 sum
889 1162 898 1179 ,
933 1129 960 1168 si
980 1130 1089 1182 ipsius
1123 1130 1254 1181 plani,
1288 1131 1326 1169 in
1355 1142 1434 1182 quo

114 1194 201 1233 luna
241 1193 374 1245 fertur,
410 1192 668 1233 mutabilitatis
700 1193 889 1232 rationem
925 1194 960 1232 iu
995 1193 1177 1232 calculum
1214 1193 1434 1232 introduce-

113 1269 155 1296 re
198 1257 397 1297 voluiflem
417 1289 428 1307 ,
468 1256 639 1297 laborem
684 1257 831 1309 penitus
864 1256 1152 1310 insuperabilem
1189 1256 1432 1308 proditurum

112 1318 231 1361 fuiffe.
304 1320 515 1360 Methodus
557 1330 683 1361 autem
705 1353 714 1371 ,
749 1334 821 1374 qua
853 1330 937 1360 tum
974 1322 1157 1374 temporis
1191 1333 1296 1360 eram
1330 1320 1433 1369 vsus,

112 1384 387 1437 impedimenta
414 1397 492 1424 non
524 1384 770 1424 mediocriter
788 1384 1068 1438 multiplicabat
1087 1417 1097 1435 ,
1132 1385 1304 1424 resolutis
1324 1386 1433 1424 enim

115 1448 256 1488 viribus
297 1448 424 1488 lunam
466 1448 704 1501 vrgentibuS,
737 1450 1064 1501 quemadmodum
1102 1450 1222 1502 vulgo
1257 1448 1339 1488 fieri
1376 1449 1432 1488 so-

113 1510 165 1550 let
187 1542 197 1561 ,
233 1513 271 1551 in
306 1511 551 1563 tangentiales
586 1520 623 1550 et
657 1513 843 1552 normales
862 1545 872 1563 ,
908 1526 959 1553 ex
987 1513 1064 1553 illis
1089 1513 1287 1551 celeritatis
1324 1512 1433 1552 lunae

112 1574 179 1613 vel
210 1576 488 1615 incrementum
534 1573 596 1617 vel
629 1576 916 1618 decrementum
938 1609 948 1628 >
992 1588 1044 1615 ex
1081 1575 1136 1615 his
1171 1588 1268 1616 vero
1302 1589 1433 1615 curua·

112 1647 234 1678 turam
285 1639 433 1678 orbitae
497 1639 750 1692 inuestigaui3
803 1640 922 1692 sicque
964 1641 1008 1679 ad
1061 1641 1303 1692 aequationes
1351 1639 1431 1679 sum

114 1701 300 1742 deductus
348 1703 639 1753 differentiales,
672 1716 769 1757 quae
812 1716 898 1746 nonv
934 1704 1053 1743 solum
1096 1704 1283 1755 integram
1326 1712 1434 1743 erant

114 1764 360 1804 difficillimae
381 1796 391 1813 ,
425 1766 487 1804 sed
519 1768 662 1807 etiamsi
694 1769 872 1820 integrari
905 1767 1010 1807 filcile
1038 1766 1267 1820 potuissent,
1301 1777 1432 1807 tumen

114 1827 237 1867 adhuc
270 1826 481 1879 longiffime
515 1842 535 1867 a
567 1831 730 1882 perfecta
763 1842 801 1870 et
831 1833 1038 1873 commoda
1081 1842 1211 1872 motus
1252 1833 1432 1875 determir

118 1891 270 1930 natione
302 1889 451 1930 fuiss‘ent
484 1903 669 1932 remotae.
738 1895 784 1934 In
826 1896 1054 1936 astronomia
1089 1897 1195 1936 enim
1231 1909 1353 1949 neque
1400 1897 1431 1936 i—

119 1954 179 2006 psa
196 1954 304 1993 lunae
325 1955 523 2007 celeritas,
560 1970 683 2010 neque
717 1970 910 1999 curuatura
946 1961 1032 2000 viae
1052 1993 1061 2009 ⁷
1096 1962 1133 1999 in
1169 1973 1240 2012 qua
1274 1961 1430 2011 incedit,

120 2030 188 2070 per
221 2018 255 2056 se
288 2019 508 2059 desideratur
536 2054 546 2071 ,
581 2021 640 2060 sed
668 2022 852 2062 calculum
899 2026 949 2062 ita
981 2025 1269 2064 accommodari
1311 2038 1431 2078 opor-

120 2090 174 2120 tet
194 2113 203 2130 ,
237 2090 281 2119 vt
316 2082 361 2121 ad
395 2085 551 2136 quoduis
586 2095 763 2138 tempiiS,
807 2088 993 2139 parietum
1025 2089 1124 2129 coeli
1145 2122 1156 2137 ,
1188 2089 1228 2127 in
1263 2101 1340 2142 quo
1372 2091 1427 2129 lu-

183 2146 302 2186 TOm.
326 2144 357 2185 I
711 2148 754 2189 D
773 2150 796 2190 d
815 2152 839 2190 d
1381 2165 1427 2192 na
