1820 2506
310 148 778 221 OBSESVATIONESV
813 141 1215 196 ANATOMIC'AE
1327 161 1423 205 357

102 273 217 319 instar
253 274 405 317 duetilis
445 283 540 316 erat.
620 272 669 314 In
709 272 784 315 basi
823 271 942 314 cranii
981 282 1110 313 autem
1142 281 1164 311 a
1196 270 1263 327 pia
1295 281 1418 314 matre

101 340 218 382 libera
259 352 341 381 erat
393 340 487 381 dura
506 371 519 392 ,
558 338 625 380 offi
674 348 757 380 tam
796 336 963 379 firmiter
994 336 1202 379 adhaerens
1219 370 1231 391 ‚
1266 346 1312 378 vt
1343 337 1420 378 vix

103 404 288 446 tenaculis
321 405 410 447 inde
443 405 554 445 auelli
586 401 728 458 poffet.
802 403 954 445 Ibidem
992 411 1120 443 autem
1161 389 1421 444 Erachnoidea

100 468 329 510 intermedia
365 470 493 510 tunica
509 501 520 522 ,
553 482 595 510 ac
613 481 772 523 vsquam
790 466 996 522 conspicua
1014 476 1096 507 erat
1113 499 1125 519 ‚
1159 467 1275 522 idque
1298 480 1423 523 prop-

102 524 164 574 terv
193 534 402 574 humorem
421 565 432 586 ‚
465 545 511 573 ac
544 534 584 576 in
617 533 807 587 superiore
824 541 934 588 parte
968 540 1144 572 tenacem
1164 564 1176 585 ,
1216 531 1421 574 flauescen·

101 605 206 651 tem,
244 598 364 651 magis
427 596 591 638 dilutum
633 606 765 637 tamen
784 630 796 650 ‚
828 609 908 652 quo
941 596 1043 651 quafi
1076 595 1292 651 hydropica
1324 605 1421 637 erat.

239 659 390 702 Cortex
424 661 569 701 cerebri
602 659 795 702 vniuersus
824 661 988 702 multum
1017 660 1256 702 indurabatur
1272 694 1283 715 ‚
1322 661 1421 703 mul-

99 725 146 766 tis
178 727 220 766 in
250 726 347 767 locis
376 725 577 766 scirrhosus
596 758 607 779 ,
657 727 699 767 in
746 726 825 767 aliis
864 726 965 780 quasi
1006 725 1273 780 cartilagineus
1311 737 1393 768 erat
1411 758 1423 779 ,

101 790 141 830 id
175 791 312 830 iterum
345 801 396 829 eo
437 791 557 844 magis
576 823 586 842 ,
627 802 707 845 quo
747 793 933 845 proprior
974 800 1056 830 erat
1096 791 1247 832 vertici.
1324 789 1420 832 Sub-

99 853 231 896 stantia
264 863 396 894 autem
428 855 648 896 medullaris
681 855 890 909 apparebat
923 855 1100 896 naturalis
1118 858 1269 895 etiana.
1335 856 1424 897 Hu-

96 930 188 960 mor
219 919 261 958 in
295 918 512 959 ventriculis
545 931 687 972 paucus
720 927 803 958 erat
842 918 1056 958 subrubello
1073 917 1303 959 -fiauescens
1321 951 1332 972 ,
1375 931 1423 960 ac

95 980 219 1023 serum
252 982 436 1036 flinguinis
468 995 604 1023 recens
621 1014 633 1034 ,
667 982 817 1023 dilutus.
882 981 1008 1037 Sapor
1046 981 1156 1022 huius
1174 1015 1186 1035 ,
1206 983 1280 1041 ‘vti
1312 993 1352 1024 et
1378 983 1422 1025 il-

94 1045 163 1088 lius
182 1080 193 1101 ‚
227 1047 291 1101 qui
325 1047 366 1087 in
401 1046 478 1088 basi
509 1047 628 1088 cranii
659 1046 922 1087 inueniebatur
939 1080 950 1099 ‚
986 1055 1070 1087 erat
1103 1046 1297 1088 nauseossis
1316 1080 1327 1101 ,
1369 1048 1422 1089 le-

93 1111 196 1152 viter
231 1111 336 1151 salsus
353 1143 363 1162 ,
398 1121 444 1150 vt
479 1111 532 1151 est
565 1109 633 1150 seri
664 1110 851 1164 fimguinis
868 1142 881 1163 ,
923 1110 1052 1151 fiituus.
1130 1110 1321 1152 Glandula
1361 1114 1424 1166 pi-

95 1175 210 1215 nealis
241 1175 334 1215 dura
366 1182 405 1214 et
436 1175 538 1228 quasi
569 1173 751 1215 scirrhosa
785 1183 882 1215 erat.
952 1172 1200 1217 Cerebellum
1232 1176 1390 1217 liberum
1410 1209 1424 1231 ‚

98 1237 232 1280 sanum
251 1270 262 1292 ,
296 1237 359 1278 sed
392 1238 504 1279 valde
537 1238 675 1281 ficcum
709 1248 792 1279 erat
810 1272 823 1292 ,
857 1237 945 1280 fima
979 1249 1060 1281 erat
1091 1239 1302 1294 oblongata
1335 1252 1423 1282 me-

94 1303 196 1345 dulla
212 1335 222 1355 ,
257 1312 297 1344 et
330 1301 513 1358 spina1153
549 1303 684 1345 leuiter
715 1313 848 1345 autem
883 1302 1104 1359 hydropica
1141 1314 1224 1346 erat
1275 1305 1422 1347 ibidem

95 1367 350 1409 arachnoidea
386 1367 552 1409 humore
585 1369 841 1422 smegmatico
870 1367 1111 1410 flauescente.
1177 1367 1291 1412 Sinus
1332 1383 1422 1412 om—

93 1445 163 1473 nes
193 1432 307 1473 durae
342 1433 479 1474 matris
511 1432 618 1488 pleni
652 1442 762 1474 erant
794 1431 971 1487 fimguine
1002 1443 1087 1475 atro
1104 1433 1253 1475 venoso
1271 1467 1283 1487 ,
1315 1433 1419 1487 sano,

93 1505 140 1537 vt
173 1495 269 1536 solet
303 1497 464 1538 inueniri
498 1498 586 1552 post
619 1506 791 1538 mortem
813 1530 824 1550 ,
859 1498 930 1552 ipsi
962 1509 1093 1539 autem
1127 1499 1211 1539 duri
1228 1507 1268 1538 et
1285 1498 1422 1540 incras-

96 1559 178 1601 ssiti.
245 1561 385 1601 Homo
417 1561 484 1602 hic
519 1561 830 1616 quadragenarius
871 1562 1025 1603 circiter
1043 1594 1056 1615 ,
1098 1563 1203 1604 inter
1231 1562 1422 1617 paroxys-

94 1636 179 1667 mos
216 1624 320 1666 fimus
362 1624 426 1666 sed
465 1625 681 1667 semifatuus
724 1635 763 1666 et
804 1626 922 1668 tristis
940 1659 951 1679 ‚
988 1636 1182 1668 caeterum
1216 1628 1389 1668 robustus
1407 1659 1420 1681 ,

92 1689 223 1731 fi1erat.
286 1689 428 1730 Tristes
458 1700 587 1732 autem
607 1723 618 1744 ,
653 1689 810 1731 stolidos
827 1724 838 1744 ,
872 1702 912 1732 et
929 1691 1195 1744 meticulosos,
1231 1692 1308 1732 fere
1324 1692 1418 1733 lem-

94 1766 165 1807 per
211 1752 549 1795 animaduertimus
599 1754 828 1809 epilepticos
846 1789 856 1808 ‚
909 1756 989 1796 iam
1024 1766 1147 1797 aetate
1177 1757 1389 1810 pmue&os
1405 1786 1420 1810 ,

94 1817 197 1870 quod
215 1828 340 1871 neque
373 1818 572 1871 miramur,
604 1818 632 1860 fi
665 1818 887 1873 respicimus
925 1820 975 1861 ad
995 1823 998 1826 ’
1015 1821 1163 1861 validos
1208 1833 1419 1862 neruorum

95 1891 254 1933 motus,
288 1882 419 1936 quibus
452 1895 592 1937 corpus
623 1884 837 1924 concutitur
855 1918 866 1937 ,
902 1893 942 1925 et
976 1885 1029 1925 ob
1060 1885 1208 1926 malum
1243 1888 1421 1927 comitia·

94 1945 130 1986 le
162 1947 303 1986 mentis
335 1947 526 1988 tristitiam
545 1980 557 2001 ,
592 1956 707 2002 atque
740 1948 894 1989 insultus
927 1949 1125 1990 recidiuiui
1167 1960 1332 1992 metum.
1377 1949 1421 1992 Si

92 2021 187 2050 vero
220 2008 441 2063 respicimus
480 2013 526 2053 ad
562 2011 802 2054 functionem
836 2014 993 2053 corticis
1019 2014 1194 2066 cerebri,
1230 2027 1309 2056 non
1327 2028 1421 2068 pro-

95 2074 158 2118 cul
190 2075 403 2133 quaerenda
434 2075 489 2120 est
522 2077 651 2120 morbi
684 2077 912 2133 recidiuiui,
947 2079 1061 2120 certis
1076 2112 1088 2134 ‚
1122 2079 1184 2121 sed
1222 2080 1420 2121 inordina-

687 2140 731 2185 Y
748 2153 777 2195 y
795 2152 821 2192 3
1370 2145 1421 2184 τῖε
