1820 2506
369 210 396 251 3
402 207 460 248 90
601 193 683 237 DE
715 185 891 237 MOTV
919 187 1218 237 NODORVM
1248 190 1448 240 LVNAE

368 312 590 355 immediate
608 326 630 353 a
647 310 831 352 Creatore
850 309 925 353 effe
943 311 1143 365 donatum,
1160 325 1277 367 eaque
1302 315 1434 355 omnia
1458 314 1561 356 coeli
1577 309 1682 359 'corss

368 391 465 432 pora
483 378 531 417 ad
551 377 586 416 se
604 376 752 416 allicere
779 387 892 430 atque
917 375 1120 416 attrahere.
1159 374 1262 417 Cum
1287 385 1415 417 autem
1433 378 1576 420 nullum
1595 392 1683 421 cor-

368 454 440 494 pus
474 440 519 479 ab
550 441 625 480 alio
657 440 796 480 attrahi
827 439 936 494 poffe
974 439 1215 493 agnosterent
1231 474 1241 493 ,
1286 440 1354 481 nisi
1385 440 1462 481 hoc
1494 441 1603 483 simul
1634 443 1683 484 ab

367 504 437 544 illo
477 505 559 556 pari
599 504 641 544 vi
680 503 887 544 attrahatur
906 537 917 556 ,
959 503 1126 543 similem
1174 505 1259 544 vim
1293 503 1505 544 attrahendi
1536 505 1684 558 singulis

369 568 530 621 planetis
560 577 602 606 et
636 568 799 607 cometis
832 568 1083 607 attribuerunt
1100 600 1111 619 ,
1153 568 1239 622 quia
1280 581 1376 608 vero
1415 580 1495 608 uon
1535 569 1683 609 consta-

367 630 433 671 bat
451 663 461 682 ‚
503 630 626 683 ipsum
664 629 781 672 solem
826 632 873 672 ab
913 632 987 672 istis
1030 630 1266 684 planetarum
1301 631 1441 672 viribus
1471 631 1684 673 senfibiliter

366 693 550 747 impelli,
590 695 769 735 inertiam
810 704 923 749 atque
955 695 1053 736 adeo
1084 695 1281 736 materiam
1302 728 1313 748 ⁷
1345 708 1418 749 qua
1451 693 1506 735 sol
1525 696 1684 748 constat,

370 758 498 798 multo
530 759 744 799 maximam
778 759 984 799 statuerunt
1004 791 1014 810 ,
1049 767 1094 797 vt
1113 750 1267 799 effeetus
1298 772 1319 798 a
1354 759 1498 799 viribus
1527 759 1602 799 illis
1621 771 1684 799 or-

367 830 429 861 tus
461 822 735 874 produceretur
766 835 879 875 quam
913 822 1107 863 minimus.
1175 823 1286 863 Hanc
1319 824 1546 875 opinionem
1573 835 1685 862 com-

369 885 556 938 probabat
599 898 751 938 quoque
790 885 971 938 stupenda
1019 885 1104 925 solis
1147 885 1372 938 magnitudo
1388 918 1399 937 ,
1440 898 1514 939 qua
1551 897 1685 926 omnes

367 948 536 1001 planetas
568 947 782 1000 longissime
830 949 992 1001 superat.
1059 948 1256 988 Praeterea
1287 960 1384 988 vero
1417 949 1494 1003 ipsa
1512 949 1684 1001 grauitas,

367 1023 444 1063 qua
478 1011 610 1051 omnia
641 1023 808 1064 corpora
840 1012 886 1052 ad
920 1021 1060 1052 terram
1093 1012 1222 1064 vrgeri
1255 1010 1432 1051 sentimus
1450 1045 1461 1064 ‚
1495 1021 1608 1066 atque
1627 1013 1685 1052 ni·

366 1072 425 1114 sus
444 1106 455 1125 ,
489 1086 567 1126 quo
601 1074 687 1113 luna
720 1074 918 1114 manifesto
949 1084 1092 1114 terram
1125 1073 1250 1113 versus
1281 1075 1490 1126 impellitur
1511 1107 1522 1125 ‚
1565 1074 1684 1115 talem

369 1138 458 1175 vim
491 1135 730 1175 attrae'tiuam
763 1137 802 1174 in
836 1146 934 1177 terra
964 1136 1194 1176 euincebat:
1229 1136 1414 1189 similique
1447 1138 1569 1178 modo
1595 1151 1685 1178 mo-

370 1207 431 1238 tus
460 1197 666 1238 satellitum
700 1198 805 1239 Iouis
830 1210 867 1239 et
898 1196 1079 1250 Saturni,
1112 1199 1186 1239 hos
1216 1199 1386 1251 planetas
1415 1201 1455 1239 vi
1489 1200 1686 1241 attractiua

370 1262 565 1316 praeditos
598 1261 675 1301 effe
708 1263 909 1303 docebann
976 1261 1158 1317 Denique
1189 1274 1242 1302 ex
1274 1262 1553 1315 Phaenomenis
1569 1263 1688 1304 aestus

371 1326 512 1367 marini
545 1325 741 1367 clariffime
775 1326 979 1380 apparebat
998 1359 1009 1379 ‚
1043 1328 1101 1368 vti
1137 1335 1236 1366 terra
1269 1326 1396 1367 lunam
1432 1327 1478 1367 ad
1511 1326 1546 1367 se
1574 1335 1685 1367 attra-

369 1388 483 1430 heret
501 1422 512 1441 ‚
545 1390 599 1429 ita
632 1385 791 1431 vicissim
825 1401 966 1431 terram
1000 1391 1226 1443 cunetasque
1258 1390 1336 1429 eius
1375 1400 1500 1443 partes
1540 1403 1561 1430 a
1598 1390 1686 1431 luna

368 1452 522 1493 attrahi.
590 1451 693 1494 Cum
725 1455 839 1507 igitur
871 1454 947 1495 hoc
979 1455 1102 1495 modo
1136 1451 1333 1494 euiciffent
1366 1455 1496 1494 omnia
1521 1466 1685 1508 corpora

371 1517 506 1556 mundi
525 1516 561 1555 se
577 1527 713 1557 mutuo
745 1518 933 1558 attrahere
953 1550 965 1568 ,
996 1519 1158 1558 eandem
1192 1517 1278 1556 vim
1313 1517 1361 1556 ad
1376 1518 1508 1557 omnia
1539 1517 1687 1569 prorsus

369 1590 538 1631 corpora
579 1580 786 1619 extendere
825 1580 906 1620 sunt
944 1581 1071 1619 conati
1088 1613 1099 1632 ⁷
1140 1589 1254 1633 atque
1292 1580 1388 1620 adeo
1421 1580 1686 1621 attractionem

370 1643 669 1695 proprietatibus
701 1644 881 1683 materiae
913 1644 1254 1683 adnumerauerunt
1275 1656 1285 1696 3
1321 1656 1416 1696 quae
1437 1644 1572 1683 vltima
1590 1656 1686 1683 con-

371 1704 494 1745 clusio
515 1737 525 1756 ,
570 1707 626 1746 vti
667 1706 780 1746 nimis
811 1707 865 1746 est
899 1708 1099 1746 temeraria
1116 1740 1126 1758 ‚
1159 1708 1212 1746 ita
1244 1719 1396 1759 quoque
1430 1707 1687 1760 praecedentis

369 1769 560 1810 ratiocinii
593 1772 677 1810 vim
711 1782 791 1809 non
824 1769 989 1823 infringit
1008 1803 1019 1822 ,
1053 1782 1175 1823 neque
1189 1770 1375 1810 summum
1401 1770 1507 1808 vsum
1527 1801 1537 1820 ‚
1570 1782 1687 1822 quem

371 1831 617 1886 Philosophia
649 1833 824 1875 Neutoni
858 1834 1131 1874 Astronomiae
1172 1831 1282 1872 affert
1301 1865 1312 1884 ,
1353 1831 1561 1884 suspetstum
1601 1833 1685 1877 red-

369 1896 462 1936 dere
490 1897 620 1937 debet.
688 1895 791 1939 Cum
826 1899 931 1938 enim
965 1898 1108 1950 reliqua
1141 1897 1271 1936 omnia
1301 1895 1621 1936 obseruationibus
1646 1904 1688 1936 et

373 1959 590 2001 indubitatis
621 1963 849 2014 argumentis
882 1962 953 2003 sint
986 1960 1215 2002 confirmata
1233 1993 1244 2012 ‚
1276 1959 1354 1999 hoc
1387 1957 1470 1998 solo
1501 1968 1686 2012 excepto,

374 2024 479 2074 quod
512 2026 690 2066 attractio
723 2027 768 2067 sit
801 2027 1014 2080 proprietas
1047 2025 1225 2065 materiae
1256 2020 1452 2063 effentialis
1469 2056 1480 2075 ‚
1515 2022 1686 2063 dubitare

372 2085 552 2143 profesto
584 2101 667 2131 non
699 2090 789 2132 licet
811 2122 823 2142 ‚
856 2091 947 2146 quin
974 2089 1110 2132 omnia
1141 2097 1305 2141 corpora
1334 2087 1470 2130 mundi
1493 2098 1621 2129 reuera
1638 2085 1688 2128 ad

1650 2147 1687 2191 so
