1820 2506
377 199 400 228 2
405 201 432 239 9
441 193 464 231 8
658 179 786 229 MEC
788 185 830 228 H
832 182 1052 228 ANICAE
1085 184 1388 232 COELESTIS’

374 308 481 360 gium
501 339 512 358 ,
554 305 633 356 ita,
677 313 721 345 vt
761 304 857 344 linea
891 303 1008 344 horae
1047 304 1296 345 duodecimae
1328 306 1436 361 fiiper
1467 320 1552 350 eam
1587 306 1688 349 tran!

375 372 484 423 seat3
525 382 603 422 quo
643 369 683 408 in
726 369 792 409 situ
832 381 900 422 per
941 369 1139 408 cochleam
1180 369 1219 407 in
1262 372 1386 410 auersa
1425 372 1548 413 afferis
1581 382 1690 426 parte

374 434 561 475 firmetur.
630 431 678 472 In
712 433 826 472 altera
862 442 967 483 parte
1000 432 1107 472 huius
1139 432 1262 472 lineae
1296 432 1361 473 fiat
1391 434 1510 475 sulcus
1543 445 1691 492 mnop,

373 508 418 538 'vt
453 496 721 537 fulcimentum
755 496 893 549 speculi
926 497 1120 536 mediante
1154 497 1252 549 pede
1287 512 1318 537 π
1352 498 1391 537 in
1425 511 1474 538 eo
1509 499 1600 540 hinc
1633 501 1692 540 in-

375 562 423 602 de
457 562 544 602 duci
576 570 615 600 et
648 561 731 613 plus
766 560 828 599 vel
860 560 987 600 minus
1022 559 1230 612 horologio
1270 561 1464 602 admoueri
1507 563 1632 616 poffit.

533 636 601 673 15.
639 623 695 663 Vt
727 625 805 663 iam
838 633 1056 677 praeparata
1088 624 1267 664 machina
1301 638 1349 665 eo
1383 627 1627 667 commodius
1650 625 1698 669 ad

377 687 657 729 obseruationes
697 689 754 727 vti
787 687 965 741 poffimus
984 722 994 741 ,
1037 689 1319 729 determinanda
1359 690 1436 730 iam
1472 692 1543 730 erit
1576 690 1701 732 altitu-

377 755 472 792 tudo
515 751 653 806 speculi
697 760 734 790 et
765 752 937 792 distantia
977 753 1143 793 eiusdem
1181 752 1228 792 ab
1260 765 1334 793 axe
1365 755 1499 794 indicis
1531 756 1571 795 in
1604 766 1698 809 quo-

376 816 438 856 vis
472 815 552 855 casu
586 812 801 855 neceffaria.
869 813 974 855 Cum
1005 828 1057 856 ex
1075 815 1322 868 superioribus
1355 818 1530 869 constet,
1563 818 1703 860 distan-

377 881 470 919 tiam
506 881 626 919 centri
661 878 803 932 speculi
836 878 1034 932 aequalem
1068 877 1144 919 effe
1177 877 1316 919 secanti
1349 881 1611 923 declinationis
1643 882 1704 922 so-

378 942 423 982 lis
458 942 519 982 vel
554 942 760 995 planetae3
794 943 1057 996 concipiamus
1098 943 1190 982 axin
1223 944 1357 984 indicis
1388 943 1464 985 effe
1497 945 1708 999 prolonga-

257 1017 316 1056 εἰς.
343 1025 371 1056 3.
382 1015 465 1047 tum
506 1006 606 1047 vltra
648 1004 885 1058 superficiem
928 1005 1125 1058 horologii
1161 1013 1179 1047 t
1197 1018 1226 1046 v
1265 1007 1381 1061 vsque
1420 1010 1460 1049 in
1492 1009 1549 1066 f,
1593 1022 1646 1050 ex
1680 1016 1708 1051 a

379 1083 478 1112 vero
496 1103 507 1122 ,
558 1070 847 1110 extremitatem
891 1069 1024 1109 indicis
1063 1069 1279 1121 defignante
1298 1103 1309 1123 ,
1343 1064 1507 1125 erigatur
1541 1084 1711 1127 perpen-

380 1134 549 1173 diculum
590 1146 616 1172 a
633 1133 658 1172 b
690 1132 737 1171 ad
771 1131 1012 1171 altitudinem
1051 1130 1191 1184 furcae·‚
1226 1141 1267 1171 et
1299 1145 1370 1185 per
1401 1135 1424 1174 b
1442 1136 1596 1176 ducatur
1628 1136 1652 1177 b
1669 1148 1714 1191 e,

381 1195 564 1252 parallela
604 1195 651 1236 ad
690 1201 762 1236 ta.
831 1192 873 1235 Si
916 1195 992 1235 iam
1035 1193 1242 1235 declinatio
1286 1194 1369 1235 solis
1402 1196 1446 1238 fit
1479 1211 1536 1237 z:
1570 1198 1715 1252 angulo·

382 1273 404 1303 e
421 1260 490 1316 bf
513 1260 584 1300 erit
616 1272 636 1299 e
644 1257 677 1313 s
707 1267 865 1312 tangens
897 1257 1163 1299 declinationis
1182 1291 1193 1311 ‚
1236 1271 1258 1299 a
1291 1259 1394 1300 cuius
1425 1263 1574 1302 vertice
1595 1262 1633 1319 f
1654 1262 1714 1304 di-

386 1324 521 1366 stantia
561 1321 700 1379 speculi
733 1323 768 1380 s
770 1336 801 1377 g
833 1323 872 1363 in
906 1321 1025 1376 plano
1068 1320 1096 1364 h
1114 1335 1137 1363 n
1172 1322 1224 1363 est
1265 1323 1561 1366 determinanda.
1628 1324 1717 1367 Del-⁰

387 1390 564 1431 mittatur
595 1399 647 1428 ex
670 1387 707 1443 f
728 1386 1051 1441 perpendicularis
1088 1385 1163 1441 fx
1197 1387 1243 1427 ad
1275 1387 1338 1429 kb
1380 1397 1418 1428 et
1450 1390 1491 1429 in
1526 1386 1717 1444 triangulo

390 1451 614 1506 recrangulo
647 1452 671 1493 b
689 1464 717 1494 x
723 1451 760 1508 f
784 1463 838 1492 ex
871 1451 954 1492 data
986 1449 1252 1504 hypothenula
1283 1451 1350 1509 bf
1374 1461 1414 1492 et
1446 1453 1588 1506 angulo
1611 1454 1649 1511 s
1657 1455 1718 1494 in-

398 1517 575 1556 veniatur
604 1528 687 1556 crus
720 1515 946 1569 oppositum
979 1514 1002 1554 b
1019 1527 1076 1565 x,
1120 1516 1223 1568 quod
1256 1516 1303 1555 ad
1336 1511 1620 1557 horizontalem
1648 1530 1681 1571 g
1689 1516 1727 1574 f

399 1593 458 1623 ,τ-
478 1578 516 1634 f
520 1581 544 1621 b
586 1579 805 1620 adiundtum
826 1611 838 1631 ,
888 1577 990 1618 dabit
1035 1578 1249 1618 distantiam
1296 1579 1371 1621 kb.
1435 1578 1721 1624 Demmittatur

403 1645 483 1686 iam
516 1655 570 1683 ex
603 1643 735 1684 tubulo
766 1642 892 1683 furcae
933 1642 1065 1683 indicis
1096 1643 1141 1683 ad
1157 1641 1295 1683 horam
1311 1643 1409 1684 XII.
1446 1644 1615 1686 conuersi
1633 1658 1724 1699 per-

403 1706 653 1763 pendicularis
685 1708 750 1748 bn
783 1707 829 1747 ad
862 1705 1019 1760 planum
1051 1706 1206 1761 afferis3
1242 1717 1282 1747 et
1300 1706 1501 1749 affumatur
1534 1709 1724 1762 pundtum‘

403 1784 428 1813 n
463 1781 644 1825 tanquam
677 1771 881 1823 terminus,
921 1783 942 1810 a
973 1782 1051 1825 quo
1082 1770 1252 1811 distantia
1285 1772 1475 1812 metienda
1508 1772 1583 1826 fit;
1617 1775 1727 1816 iuxta

404 1835 547 1877 sulcum
581 1843 630 1891 op
664 1848 761 1877 vero
792 1842 974 1876 notentur
1005 1835 1199 1877 distantiae
1232 1847 1306 1889 pro
1320 1835 1470 1889 singulis
1500 1836 1725 1878 declinatio-

405 1899 516 1941 nibus
546 1909 730 1954 repertae.
797 1899 863 1940 Ad
904 1898 1116 1940 altitudines
1155 1911 1252 1940 vero
1291 1900 1625 1954 correspondentes
1657 1902 1723 1943 de-

406 1965 662 2005 terminandas
694 1965 736 2005 in
769 1964 909 2005 eodem
942 1964 1132 2018 triangulo
1162 1963 1385 2017 reecangulo
1416 1964 1440 2005 b
1456 1965 1529 2022 xf
1553 1978 1605 2007 ex
1638 1966 1725 2007 data

408 2026 678 2080 hypothemisa
710 2029 734 2069 h
744 2029 779 2083 f
804 2038 843 2069 et
862 2027 1002 2081 angulo
1031 2042 1061 2070 x
1076 2028 1144 2084 bf
1167 2028 1381 2069 inueniatur
1405 2041 1488 2070 crus
1505 2029 1600 2086 fx,
1619 2029 1723 2084 quod

408 2100 542 2148 aequat
573 2091 814 2134 altitudinem
848 2092 967 2133 centri
999 2092 1142 2151 speculi
1172 2090 1281 2149 supra
1311 2093 1404 2135 axin
1436 2094 1576 2149 tubuli,
1612 2108 1633 2137 a
1647 2093 1725 2135 fur⁴

1680 2169 1725 2198 ca
