1820 2506
255 149 341 198 OV
335 147 382 197 IS
416 149 525 199 PRO
535 148 717 194 ‘HERM
718 143 1059 193 APHRODITO
1092 148 1304 194 HABITI.
1375 163 1462 206 329

144 273 251 318 reeta
269 306 280 326 ,
299 273 415 326 vnde,
458 281 496 312 et
522 270 624 326 quasi
651 268 863 311 semicanali
880 267 958 308 hoc
974 267 1095 308 altero
1114 268 1252 322 ablato,
1271 269 1404 310 itidem
1425 273 1476 314 ibi

66 387 68 389 ,
142 337 345 380 deficiebat
376 349 515 391 corpus
546 334 791 390 spongiosum
810 332 1017 374 ,vrethrae
1087 333 1213 375 Tertio
1238 335 1342 388 quod
1367 349 1477 388 prae-

128 403 292 457 -putium
335 411 375 441 et
413 400 573 441 naturali
615 400 774 451 breuiuS,
806 406 846 438 et
879 398 921 438 in
955 396 1160 438 formando
1193 397 1366 440 fraenulo
1400 400 1469 442 ali-

125 479 221 521 ·quo
255 465 379 506 modo
419 465 514 505 lufit.

279 529 374 570 Ouis
413 542 506 583 ergo
547 529 613 570 hic
631 563 642 582 ‚
684 541 758 583 pro
796 528 1134 582 Hermaphrodito
1185 527 1332 569 habitus
1352 562 1363 581 ‚
1403 530 1474 571 fiiit

126 606 254 636 ‘verus
286 607 388 645 maS,
422 594 463 632 in
504 606 584 647 quo
616 602 742 648 partes
775 593 956 646 genitales
988 602 1169 633 externae
1203 603 1367 646 peccant
1401 595 1465 634 de-

139 657 241 699 fedtu
261 690 271 710 ,
304 667 343 697 et
376 656 473 696 nihil
499 659 666 698 omnino
686 658 726 696 in
745 656 805 697 his
823 658 998 711 apparuit
1015 689 1026 709 ,
1057 657 1160 710 quod
1179 656 1326 698 alterius
1358 657 1467 699 sexus

140 723 288 776 fignum
322 720 511 760 indicabat
529 732 593 762 aut
644 721 946 761 additamentum
965 754 976 773 ‚
1013 727 1127 774 quare
1178 730 1218 760 et
1236 721 1300 760 illi.
1319 734 1467 763 nomen

121 785 387 827 ‘masculinum
405 817 415 836 ‚
449 785 577 825 minus
595 796 790 826 caeterum
809 785 984 825 usitatum
1003 817 1014 836 ,
1049 786 1168 838 apud.
1184 784 1401 826 Varronem
1428 794 1468 826 et

137 848 307 892 Gellium
326 858 457 890 tamen
475 850 776 901 inuefflendum,
819 848 954 902 passim
987 849 1163 901 miposui.
1240 849 1418 890 Tandem
1437 850 1466 892 fi

135 913 341 967 descriptio
358 913 524 966 partium
543 913 766 965 genitalium
783 921 1034 963 externarum
1052 920 1165 964 atque
1181 909 1320 952 harum
1339 912 1461 965 figura

133 977 174 1018 in
218 989 293 1017 oue
342 978 585 1030 comparatur
636 989 726 1017 cum
777 974 1031 1028 descriptione
1081 984 1119 1014 et
1159 973 1290 1027 figuris
1307 1009 1318 1028 ,
1370 989 1461 1030 quas

131 1041 272 1082 laudati
302 1040 386 1080 Viri
420 1040 659 1081 celeberrimi
698 1039 881 1079 dederunt
924 1039 973 1078 de
1013 1038 1236 1079 hominibus
1277 1039 1463 1093 Sibil-icis,

131 1115 231 1159 puto
272 1117 453 1158 apparere
472 1136 483 1155 ,
525 1104 591 1143 has
624 1105 676 1143 ita
716 1104 813 1142 inter
853 1102 890 1142 se
919 1105 1128 1142 conuenire
1149 1135 1159 1154 ,
1186 1113 1238 1143 *vt
1254 1105 1378 1144 *facile
1410 1117 1462 1145 ex

133 1168 379 1222 inquisitione
409 1167 639 1208 Anatomica
671 1167 836 1220 partium
871 1166 1122 1217 internarum,
1154 1180 1266 1220 quam
1308 1169 1349 1207 in
1366 1186 1370 1193 =
1385 1181 1460 1211 oue

131 1232 324 1275 instituere
355 1244 429 1285 ego
461 1232 602 1285 potui,
645 1243 726 1271 non
755 1230 812 1270 illi
842 1231 882 1269 in
914 1230 1013 1269 viuis
1047 1230 1266 1271 hominibus
1284 1265 1295 1283 ‚
1321 1232 1373 1271 ‚lis
1406 1232 1456 1272 de

131 1295 225 1337 sexu
258 1295 368 1336 finita
410 1295 481 1337 fit:
517 1296 695 1350 quodque
711 1310 723 1347 ·‚
766 1303 812 1334 vt
845 1293 909 1333 hic
943 1295 1025 1334 ouis
1043 1328 1057 1345 ,
1097 1295 1151 1334 ita
1183 1294 1360 1336 homines
1394 1294 1457 1336 Si-

133 1360 242 1401 birici
274 1359 436 1400 habendi
471 1360 541 1400 sint
559 1372 632 1413 pro
650 1358 815 1400 maribus
833 1392 844 1411 ,
878 1370 958 1398 non
992 1371 1068 1412 pro
1091 1359 1287 1402 ,foeminis
1306 1392 1316 1412 ,
1351 1360 1456 1414 quod

132 1437 208 1479 que
248 1425 394 1465 mixtus
436 1425 657 1478 neutiquam
697 1423 740 1464 sit
780 1421 887 1463 sexus
905 1456 917 1475 ‚
960 1432 999 1464 et
1035 1424 1234 1464 immerito
1268 1424 1342 1467 illis
1383 1437 1452 1466 no-

130 1501 222 1528 men
241 1487 655 1542 Hermaphroditorum
682 1489 917 1540 imponatur.
1243 1523 1248 1528 .

275 1550 437 1592 Constat
471 1564 565 1605 ergo
584 1585 601 1604 ,.
628 1553 666 1593 in
698 1561 866 1604 Vtroque
899 1550 990 1591 sexu
1009 1553 1167 1606 quidem
1190 1553 1361 1594 inuenire
1379 1552 1450 1594 ho⁴

135 1617 260 1657 mines
279 1651 289 1670 ,
323 1617 454 1671 quibus
488 1626 614 1669 partes
646 1615 827 1668 genitales
859 1625 1044 1656 externae
1095 1618 1148 1657 ita
1200 1617 1282 1657 sunt
1324 1617 1451 1658 defor-

109 1691 258 1721 vmatae
278 1715 288 1734 ,
322 1673 373 1721 vt⁴
400 1680 564 1721 alterum
596 1681 829 1721 mentiantur
848 1712 858 1731 ,
912 1680 1140 1722 desideratur
1172 1682 1344 1734 interim,
1388 1683 1450 1723 cui

134 1744 252 1784 fidem
298 1744 550 1796 adhibemus,
584 1744 739 1784 historia
760 1778 770 1796 ,
805 1755 843 1784 et
877 1745 1031 1798 quidem
1051 1746 1306 1798 Anatomica,
1350 1747 1452 1786 Her-

136 1808 375 1861 maphroditi
408 1808 491 1847 veri
512 1841 522 1858 ,
576 1810 641 1861 qui
675 1810 827 1849 easdem
861 1821 913 1848 ex
955 1820 1119 1863 vtroque
1170 1811 1341 1861 mixtas,
1386 1810 1453 1851 rel

137 1872 337 1925 separatim
370 1872 562 1926 dispositas
589 1872 629 1910 in
659 1885 823 1925 corpore
844 1873 949 1925 gessit
968 1885 1130 1914 externe
1156 1875 1451 1928 distinguendas,

135 1935 200 1975 vel
234 1937 392 1976 interne.
462 1935 678 1988 Ruyschius
709 1936 830 1976 fidelis
864 1937 1035 1977 Naturae
1069 1939 1134 1978 ille
1170 1940 1367 1992 indagator
1383 1953 1449 1980 an-

136 2000 246 2051 nuit,
297 2001 439 2040 multos
481 2001 636 2054 quidem
672 2000 737 2040 fibi
770 2000 996 2052 exhibitos,
1041 2002 1166 2043 nullos
1203 2007 1300 2044 xero
1338 2002 1449 2044 fiiiffe
1490 2013 1493 2015 “

136 2062 391 2116 deprehensos
417 2097 427 2116 ,
460 2064 815 2119 Hermaphroditos
843 2098 852 2117 ,
887 2074 1000 2120 atque
1024 2066 1156 2107 definit
1184 2099 1194 2119 ‚
1229 2068 1450 2108 membrum

195 2127 316 2167 Tom.
338 2126 371 2168 I.
717 2128 754 2169 T
779 2138 795 2169 t
1352 2132 1459 2186 quod
