<?xml version="1.0" encoding="UTF-8"?>
<!DOCTYPE html PUBLIC "-//W3C//DTD XHTML 1.0 Transitional//EN"
    "http://www.w3.org/TR/xhtml1/DTD/xhtml1-transitional.dtd">
<html xmlns="http://www.w3.org/1999/xhtml" xml:lang="en" lang="en">
 <head>
  <title>
</title>
<meta http-equiv="Content-Type" content="text/html;charset=utf-8" />
  <meta name='ocr-system' content='tesseract 3.04.00' />
  <meta name='ocr-capabilities' content='ocr_page ocr_carea ocr_par ocr_line ocrx_word'/>
</head>
<body>
  <div class='ocr_page' id='page_1' title='image "./novicommentariac01impe_0432.png"; bbox 0 0 1820 2506; ppageno 0'>
   <div class='ocr_carea' id='block_1_1' title="bbox 137 2018 328 2186">
    <p class='ocr_par' dir='ltr' id='par_1_1' title="bbox 137 2018 328 2186">
     <span class='ocr_line' id='line_1_1' title="bbox 141 2018 327 2057; baseline -0.027 -5"><span class='ocrx_word' id='word_1_1' title='bbox 141 2019 190 2057; x_wconf 77' lang='lat'>(1)</span> <span class='ocrx_word' id='word_1_2' title='bbox 224 2018 327 2050; x_wconf 79' lang='lat' dir='ltr'>Misccll</span> 
     </span>
     <span class='ocr_line' id='line_1_2' title="bbox 140 2062 326 2101; baseline -0.027 -6"><span class='ocrx_word' id='word_1_3' title='bbox 140 2062 326 2101; x_wconf 54' lang='lat' dir='ltr'>Medwhyfic.</span> 
     </span>
     <span class='ocr_line' id='line_1_3' title="bbox 137 2104 328 2143; baseline 0.005 -8"><span class='ocrx_word' id='word_1_4' title='bbox 137 2104 230 2135; x_wconf 70' lang='lat' dir='ltr'><strong>GCUT·</strong></span> <span class='ocrx_word' id='word_1_5' title='bbox 243 2105 295 2136; x_wconf 67' lang='lat' dir='ltr'>An·</span> <span class='ocrx_word' id='word_1_6' title='bbox 312 2113 328 2143; x_wconf 72' lang='grc'><em>3</em></span> 
     </span>
     <span class='ocr_line' id='line_1_4' title="bbox 137 2147 267 2186; baseline 0.008 -9"><span class='ocrx_word' id='word_1_7' title='bbox 137 2147 191 2178; x_wconf 80' lang='lat' dir='ltr'>Ob.</span> <span class='ocrx_word' id='word_1_8' title='bbox 216 2148 267 2186; x_wconf 84' lang='lat'>98.</span> 
     </span>
    </p>
   </div>
   <div class='ocr_carea' id='block_1_2' title="bbox 324 186 1335 245">
    <p class='ocr_par' dir='ltr' id='par_1_2' title="bbox 324 186 1335 245">
     <span class='ocr_line' id='line_1_5' title="bbox 324 186 1335 245; baseline 0.007 -12"><span class='ocrx_word' id='word_1_9' title='bbox 324 186 439 245; x_wconf 69' lang='lat'>’334</span> <span class='ocrx_word' id='word_1_10' title='bbox 673 189 937 234; x_wconf 80' lang='lat' dir='ltr'><strong><em>HISTORIA</em></strong></span> <span class='ocrx_word' id='word_1_11' title='bbox 972 187 1335 240; x_wconf 83' lang='lat' dir='ltr'><em>ANATOMICA</em></span> 
     </span>
    </p>
   </div>
   <div class='ocr_carea' id='block_1_3' title="bbox 332 307 1678 2158">
    <p class='ocr_par' dir='ltr' id='par_1_3' title="bbox 337 307 1657 814">
     <span class='ocr_line' id='line_1_6' title="bbox 337 307 1651 364; baseline 0.002 -12"><span class='ocrx_word' id='word_1_12' title='bbox 337 311 396 353; x_wconf 87' lang='lat' dir='ltr'>fus</span> <span class='ocrx_word' id='word_1_13' title='bbox 437 307 656 352; x_wconf 78' lang='lat' dir='ltr'>crassescens</span> <span class='ocrx_word' id='word_1_14' title='bbox 675 343 686 363; x_wconf 86' lang='lat'>,</span> <span class='ocrx_word' id='word_1_15' title='bbox 727 320 853 351; x_wconf 84' lang='lat' dir='ltr'>totam</span> <span class='ocrx_word' id='word_1_16' title='bbox 889 310 995 364; x_wconf 88' lang='lat' dir='ltr'>penis</span> <span class='ocrx_word' id='word_1_17' title='bbox 1036 310 1323 351; x_wconf 80' lang='lat' dir='ltr'>extremitatem</span> <span class='ocrx_word' id='word_1_18' title='bbox 1358 311 1403 352; x_wconf 83' lang='lat' dir='ltr'>ad</span> <span class='ocrx_word' id='word_1_19' title='bbox 1437 312 1651 355; x_wconf 84' lang='lat' dir='ltr'>fraenulum</span> 
     </span>
     <span class='ocr_line' id='line_1_7' title="bbox 339 373 1652 430; baseline 0.002 -13"><span class='ocrx_word' id='word_1_20' title='bbox 339 388 460 430; x_wconf 82' lang='lat' dir='ltr'>vsque</span> <span class='ocrx_word' id='word_1_21' title='bbox 493 374 662 415; x_wconf 78' lang='lat' dir='ltr'>ambiens</span> <span class='ocrx_word' id='word_1_22' title='bbox 693 377 928 415; x_wconf 66' lang='lat' dir='ltr'>rotunditate</span> <span class='ocrx_word' id='word_1_23' title='bbox 962 373 1271 427; x_wconf 74' lang='lat' dir='ltr'>vngulaeformi:</span> <span class='ocrx_word' id='word_1_24' title='bbox 1306 375 1402 415; x_wconf 87' lang='lat' dir='ltr'>dum</span> <span class='ocrx_word' id='word_1_25' title='bbox 1435 389 1537 430; x_wconf 83' lang='lat' dir='ltr'>apex</span> <span class='ocrx_word' id='word_1_26' title='bbox 1580 379 1652 419; x_wconf 84' lang='lat' dir='ltr'>cli-</span> 
     </span>
     <span class='ocr_line' id='line_1_8' title="bbox 338 435 1654 496; baseline 0.002 -16"><span class='ocrx_word' id='word_1_27' title='bbox 338 439 475 480; x_wconf 87' lang='lat' dir='ltr'>toridis</span> <span class='ocrx_word' id='word_1_28' title='bbox 515 439 716 479; x_wconf 78' lang='lat' dir='ltr'>lateraliter</span> <span class='ocrx_word' id='word_1_29' title='bbox 759 435 1023 493; x_wconf 68' lang='lat' dir='ltr'>compressus,</span> <span class='ocrx_word' id='word_1_30' title='bbox 1067 439 1107 480; x_wconf 91' lang='lat' dir='ltr'>in</span> <span class='ocrx_word' id='word_1_31' title='bbox 1157 439 1247 478; x_wconf 88' lang='lat' dir='ltr'>duas</span> <span class='ocrx_word' id='word_1_32' title='bbox 1288 440 1486 492; x_wconf 89' lang='lat' dir='ltr'>portiones</span> <span class='ocrx_word' id='word_1_33' title='bbox 1525 440 1654 496; x_wconf 83' lang='lat' dir='ltr'>fiffus,</span> 
     </span>
     <span class='ocr_line' id='line_1_9' title="bbox 338 502 1657 556; baseline 0.002 -12"><span class='ocrx_word' id='word_1_34' title='bbox 338 504 416 544; x_wconf 87' lang='lat' dir='ltr'>abit</span> <span class='ocrx_word' id='word_1_35' title='bbox 449 503 489 542; x_wconf 89' lang='lat' dir='ltr'>in</span> <span class='ocrx_word' id='word_1_36' title='bbox 523 503 746 556; x_wconf 56' lang='lat' dir='ltr'>hymphas.</span> <span class='ocrx_word' id='word_1_37' title='bbox 782 517 824 553; x_wconf 88' lang='lat'>4.</span> <span class='ocrx_word' id='word_1_38' title='bbox 871 502 1105 555; x_wconf 81' lang='lat' dir='ltr'>Magnitudo</span> <span class='ocrx_word' id='word_1_39' title='bbox 1146 504 1266 543; x_wconf 87' lang='lat' dir='ltr'>totius</span> <span class='ocrx_word' id='word_1_40' title='bbox 1305 504 1473 544; x_wconf 88' lang='lat' dir='ltr'>membri</span> <span class='ocrx_word' id='word_1_41' title='bbox 1513 518 1657 547; x_wconf 89' lang='lat' dir='ltr'>conue-</span> 
     </span>
     <span class='ocr_line' id='line_1_10' title="bbox 337 565 1656 621; baseline 0.002 -13"><span class='ocrx_word' id='word_1_42' title='bbox 337 568 397 608; x_wconf 87' lang='lat' dir='ltr'>nit</span> <span class='ocrx_word' id='word_1_43' title='bbox 431 565 521 608; x_wconf 84' lang='lat' dir='ltr'>huic-</span> <span class='ocrx_word' id='word_1_44' title='bbox 562 568 673 607; x_wconf 83' lang='lat' dir='ltr'>aetati</span> <span class='ocrx_word' id='word_1_45' title='bbox 708 579 781 620; x_wconf 91' lang='lat' dir='ltr'>pro</span> <span class='ocrx_word' id='word_1_46' title='bbox 816 579 916 621; x_wconf 87' lang='lat' dir='ltr'>pene</span> <span class='ocrx_word' id='word_1_47' title='bbox 935 599 946 618; x_wconf 87' lang='lat'>,</span> <span class='ocrx_word' id='word_1_48' title='bbox 982 569 1075 606; x_wconf 75' lang='lat' dir='ltr'>dum</span> <span class='ocrx_word' id='word_1_49' title='bbox 1109 566 1253 607; x_wconf 80' lang='lat' dir='ltr'>clitoris</span> <span class='ocrx_word' id='word_1_50' title='bbox 1285 568 1323 606; x_wconf 91' lang='lat' dir='ltr'>in</span> <span class='ocrx_word' id='word_1_51' title='bbox 1357 568 1423 608; x_wconf 83' lang='lat' dir='ltr'>illa</span> <span class='ocrx_word' id='word_1_52' title='bbox 1466 567 1519 608; x_wconf 92' lang='lat' dir='ltr'>est</span> <span class='ocrx_word' id='word_1_53' title='bbox 1560 571 1656 610; x_wconf 88' lang='lat' dir='ltr'>adeo</span> 
     </span>
     <span class='ocr_line' id='line_1_11' title="bbox 339 627 1657 685; baseline 0.001 -12"><span class='ocrx_word' id='word_1_54' title='bbox 339 631 490 685; x_wconf 82' lang='lat' dir='ltr'>exigua.</span> <span class='ocrx_word' id='word_1_55' title='bbox 558 631 647 672; x_wconf 58' lang='lat' dir='ltr'>lN’ec</span> <span class='ocrx_word' id='word_1_56' title='bbox 667 630 693 672; x_wconf 86' lang='lat' dir='ltr'>fi</span> <span class='ocrx_word' id='word_1_57' title='bbox 729 632 811 684; x_wconf 82' lang='lat' dir='ltr'>quis</span> <span class='ocrx_word' id='word_1_58' title='bbox 843 630 988 682; x_wconf 83' lang='lat' dir='ltr'>afferat,</span> <span class='ocrx_word' id='word_1_59' title='bbox 1022 627 1100 671; x_wconf 86' lang='lat' dir='ltr'>effe</span> <span class='ocrx_word' id='word_1_60' title='bbox 1133 631 1349 672; x_wconf 89' lang='lat' dir='ltr'>clitoridem</span> <span class='ocrx_word' id='word_1_61' title='bbox 1384 633 1423 673; x_wconf 89' lang='lat' dir='ltr'>in</span> <span class='ocrx_word' id='word_1_62' title='bbox 1464 645 1657 674; x_wconf 77' lang='lat' dir='ltr'>maiorem</span> 
     </span>
     <span class='ocr_line' id='line_1_12' title="bbox 340 695 1640 750; baseline 0.002 -14"><span class='ocrx_word' id='word_1_63' title='bbox 340 695 491 737; x_wconf 81' lang='lat' dir='ltr'>molem</span> <span class='ocrx_word' id='word_1_64' title='bbox 526 705 728 736; x_wconf 79' lang='lat' dir='ltr'>excretam</span> <span class='ocrx_word' id='word_1_65' title='bbox 749 729 760 747; x_wconf 86' lang='lat'>,</span> <span class='ocrx_word' id='word_1_66' title='bbox 795 698 1018 750; x_wconf 64' lang='lat' dir='ltr'>pudendum</span> <span class='ocrx_word' id='word_1_67' title='bbox 1050 695 1193 748; x_wconf 85' lang='lat' dir='ltr'>reliqua</span> <span class='ocrx_word' id='word_1_68' title='bbox 1226 696 1398 750; x_wconf 83' lang='lat' dir='ltr'>requisita</span> <span class='ocrx_word' id='word_1_69' title='bbox 1440 697 1479 736; x_wconf 91' lang='lat' dir='ltr'>in</span> <span class='ocrx_word' id='word_1_70' title='bbox 1520 697 1640 739; x_wconf 70' lang='lat' dir='ltr'>foemi</span> 
     </span>
     <span class='ocr_line' id='line_1_13' title="bbox 338 758 1656 814; baseline 0.001 -14"><span class='ocrx_word' id='word_1_71' title='bbox 338 772 389 800; x_wconf 86' lang='lat' dir='ltr'>na</span> <span class='ocrx_word' id='word_1_72' title='bbox 421 758 584 814; x_wconf 85' lang='lat' dir='ltr'>poffidet</span> <span class='ocrx_word' id='word_1_73' title='bbox 603 792 614 812; x_wconf 86' lang='lat'>,</span> <span class='ocrx_word' id='word_1_74' title='bbox 646 770 782 799; x_wconf 87' lang='lat' dir='ltr'>contra</span> <span class='ocrx_word' id='word_1_75' title='bbox 815 761 855 799; x_wconf 90' lang='lat' dir='ltr'>in</span> <span class='ocrx_word' id='word_1_76' title='bbox 890 758 1009 811; x_wconf 53' lang='lat' dir='ltr'>viro»,</span> <span class='ocrx_word' id='word_1_77' title='bbox 1043 759 1110 799; x_wconf 83' lang='lat' dir='ltr'>etsi</span> <span class='ocrx_word' id='word_1_78' title='bbox 1142 759 1362 813; x_wconf 85' lang='lat' dir='ltr'>mutilatas,</span> <span class='ocrx_word' id='word_1_79' title='bbox 1396 762 1493 814; x_wconf 89' lang='lat' dir='ltr'>gerit</span> <span class='ocrx_word' id='word_1_80' title='bbox 1518 770 1656 814; x_wconf 87' lang='lat' dir='ltr'>partes.</span> 
     </span>
    </p>

    <p class='ocr_par' dir='ltr' id='par_1_4' title="bbox 341 823 1663 1193">
     <span class='ocr_line' id='line_1_14' title="bbox 489 823 1659 878; baseline 0.001 -14"><span class='ocrx_word' id='word_1_81' title='bbox 489 824 595 864; x_wconf 87' lang='lat' dir='ltr'>Hinc</span> <span class='ocrx_word' id='word_1_82' title='bbox 629 825 772 864; x_wconf 74' lang='lat' dir='ltr'>merito</span> <span class='ocrx_word' id='word_1_83' title='bbox 806 823 996 863; x_wconf 87' lang='lat' dir='ltr'>concludo</span> <span class='ocrx_word' id='word_1_84' title='bbox 1028 835 1119 862; x_wconf 90' lang='lat' dir='ltr'>cum</span> <span class='ocrx_word' id='word_1_85' title='bbox 1153 823 1264 862; x_wconf 83' lang='lat' dir='ltr'>beato</span> <span class='ocrx_word' id='word_1_86' title='bbox 1283 823 1537 864; x_wconf 82' lang='lat' dir='ltr'>Anteceffore</span> <span class='ocrx_word' id='word_1_87' title='bbox 1554 837 1659 878; x_wconf 72' lang='lat' dir='ltr'>meO,</span> 
     </span>
     <span class='ocr_line' id='line_1_15' title="bbox 341 885 1655 940; baseline 0.002 -13"><span class='ocrx_word' id='word_1_88' title='bbox 341 885 453 928; x_wconf 80' lang='lat' dir='ltr'>fuisse</span> <span class='ocrx_word' id='word_1_89' title='bbox 483 886 585 926; x_wconf 81' lang='lat' dir='ltr'>hunc</span> <span class='ocrx_word' id='word_1_90' title='bbox 618 899 779 940; x_wconf 87' lang='lat' dir='ltr'>puerum</span> <span class='ocrx_word' id='word_1_91' title='bbox 800 920 810 938; x_wconf 77' lang='lat'>,</span> <span class='ocrx_word' id='word_1_92' title='bbox 845 899 884 926; x_wconf 87' lang='lat' dir='ltr'>m</span> <span class='ocrx_word' id='word_1_93' title='bbox 918 898 996 939; x_wconf 85' lang='lat' dir='ltr'>quo</span> <span class='ocrx_word' id='word_1_94' title='bbox 1030 896 1162 927; x_wconf 88' lang='lat' dir='ltr'>contra</span> <span class='ocrx_word' id='word_1_95' title='bbox 1197 896 1370 927; x_wconf 82' lang='lat' dir='ltr'>naturam</span> <span class='ocrx_word' id='word_1_96' title='bbox 1405 887 1575 930; x_wconf 87' lang='lat' dir='ltr'>scrotum</span> <span class='ocrx_word' id='word_1_97' title='bbox 1615 889 1655 929; x_wconf 89' lang='lat' dir='ltr'>in</span> 
     </span>
     <span class='ocr_line' id='line_1_16' title="bbox 341 950 1659 1005; baseline 0.004 -15"><span class='ocrx_word' id='word_1_98' title='bbox 341 951 438 991; x_wconf 86' lang='lat' dir='ltr'>duos</span> <span class='ocrx_word' id='word_1_99' title='bbox 470 950 633 990; x_wconf 85' lang='lat' dir='ltr'>sacculos</span> <span class='ocrx_word' id='word_1_100' title='bbox 665 950 827 991; x_wconf 80' lang='lat' dir='ltr'>diuisum</span> <span class='ocrx_word' id='word_1_101' title='bbox 863 951 1056 1001; x_wconf 74' lang='lat' dir='ltr'>Vtrimque</span> <span class='ocrx_word' id='word_1_102' title='bbox 1073 950 1287 991; x_wconf 86' lang='lat' dir='ltr'>testiculum</span> <span class='ocrx_word' id='word_1_103' title='bbox 1307 954 1496 1005; x_wconf 79' lang='lat' dir='ltr'>continet,</span> <span class='ocrx_word' id='word_1_104' title='bbox 1512 962 1551 994; x_wconf 90' lang='lat' dir='ltr'>et</span> <span class='ocrx_word' id='word_1_105' title='bbox 1568 965 1659 996; x_wconf 76' lang='lat' dir='ltr'>vre-</span> 
     </span>
     <span class='ocr_line' id='line_1_17' title="bbox 342 1012 1662 1070; baseline 0.002 -16"><span class='ocrx_word' id='word_1_106' title='bbox 342 1014 426 1055; x_wconf 87' lang='lat' dir='ltr'>thra</span> <span class='ocrx_word' id='word_1_107' title='bbox 467 1014 563 1054; x_wconf 75' lang='lat' dir='ltr'>laesa</span> <span class='ocrx_word' id='word_1_108' title='bbox 596 1023 636 1054; x_wconf 88' lang='lat' dir='ltr'>et</span> <span class='ocrx_word' id='word_1_109' title='bbox 669 1012 751 1055; x_wconf 73' lang='lat' dir='ltr'>fiffa</span> <span class='ocrx_word' id='word_1_110' title='bbox 784 1027 863 1055; x_wconf 91' lang='lat' dir='ltr'>non</span> <span class='ocrx_word' id='word_1_111' title='bbox 899 1014 1051 1068; x_wconf 69' lang='lat' dir='ltr'>penitus</span> <span class='ocrx_word' id='word_1_112' title='bbox 1084 1013 1246 1054; x_wconf 57' lang='lat' dir='ltr'>deducta</span> <span class='ocrx_word' id='word_1_113' title='bbox 1279 1015 1332 1055; x_wconf 91' lang='lat' dir='ltr'>est</span> <span class='ocrx_word' id='word_1_114' title='bbox 1363 1018 1410 1056; x_wconf 87' lang='lat' dir='ltr'>ad</span> <span class='ocrx_word' id='word_1_115' title='bbox 1427 1017 1662 1070; x_wconf 55' lang='lat' dir='ltr'>gssandis-ex-</span> 
     </span>
     <span class='ocr_line' id='line_1_18' title="bbox 342 1076 1663 1130; baseline 0.002 -12"><span class='ocrx_word' id='word_1_116' title='bbox 342 1079 577 1119; x_wconf 78' lang='lat' dir='ltr'>tremitatcm</span> <span class='ocrx_word' id='word_1_117' title='bbox 596 1111 607 1130; x_wconf 90' lang='lat'>,</span> <span class='ocrx_word' id='word_1_118' title='bbox 642 1089 688 1118; x_wconf 88' lang='lat' dir='ltr'>vt</span> <span class='ocrx_word' id='word_1_119' title='bbox 720 1079 881 1117; x_wconf 79' lang='lat' dir='ltr'>eandem</span> <span class='ocrx_word' id='word_1_120' title='bbox 915 1077 1082 1130; x_wconf 71' lang='lat' dir='ltr'>perforet</span> <span class='ocrx_word' id='word_1_121' title='bbox 1099 1110 1110 1129; x_wconf 81' lang='lat'>,</span> <span class='ocrx_word' id='word_1_122' title='bbox 1143 1076 1217 1117; x_wconf 64' lang='lat' dir='ltr'>sed:</span> <span class='ocrx_word' id='word_1_123' title='bbox 1237 1079 1372 1120; x_wconf 86' lang='lat' dir='ltr'>media</span> <span class='ocrx_word' id='word_1_124' title='bbox 1405 1081 1469 1121; x_wconf 88' lang='lat' dir='ltr'>via</span> <span class='ocrx_word' id='word_1_125' title='bbox 1510 1084 1663 1122; x_wconf 77' lang='lat' dir='ltr'>trunca-</span> 
     </span>
     <span class='ocr_line' id='line_1_19' title="bbox 344 1141 849 1193; baseline -0.004 -12"><span class='ocrx_word' id='word_1_126' title='bbox 344 1152 384 1181; x_wconf 86' lang='lat' dir='ltr'>ta</span> <span class='ocrx_word' id='word_1_127' title='bbox 416 1142 526 1180; x_wconf 87' lang='lat' dir='ltr'>iuxta</span> <span class='ocrx_word' id='word_1_128' title='bbox 559 1141 849 1193; x_wconf 70' lang='lat' dir='ltr'>longitudinem.</span> 
     </span>
    </p>

    <p class='ocr_par' dir='ltr' id='par_1_5' title="bbox 332 1200 1678 2158">
     <span class='ocr_line' id='line_1_20' title="bbox 483 1200 1662 1261; baseline 0.002 -17"><span class='ocrx_word' id='word_1_129' title='bbox 483 1201 588 1244; x_wconf 91' lang='lat' dir='ltr'>Cum</span> <span class='ocrx_word' id='word_1_130' title='bbox 623 1217 715 1258; x_wconf 85' lang='lat' dir='ltr'>ergo</span> <span class='ocrx_word' id='word_1_131' title='bbox 749 1205 787 1243; x_wconf 92' lang='lat' dir='ltr'>in</span> <span class='ocrx_word' id='word_1_132' title='bbox 822 1216 898 1244; x_wconf 90' lang='lat' dir='ltr'>oue</span> <span class='ocrx_word' id='word_1_133' title='bbox 932 1200 1093 1244; x_wconf 65' lang='lat' dir='ltr'>diffecto</span> <span class='ocrx_word' id='word_1_134' title='bbox 1126 1212 1273 1245; x_wconf 87' lang='lat' dir='ltr'>certum</span> <span class='ocrx_word' id='word_1_135' title='bbox 1307 1213 1494 1260; x_wconf 82' lang='lat' dir='ltr'>apparet,</span> <span class='ocrx_word' id='word_1_136' title='bbox 1530 1206 1570 1246; x_wconf 90' lang='lat' dir='ltr'>in</span> <span class='ocrx_word' id='word_1_137' title='bbox 1590 1218 1662 1261; x_wconf 88' lang='lat' dir='ltr'>pu-</span> 
     </span>
     <span class='ocr_line' id='line_1_21' title="bbox 345 1268 1665 1322; baseline 0.001 -12"><span class='ocrx_word' id='word_1_138' title='bbox 345 1269 417 1310; x_wconf 79' lang='lat' dir='ltr'>erIs</span> <span class='ocrx_word' id='word_1_139' title='bbox 449 1281 547 1310; x_wconf 86' lang='lat' dir='ltr'>vero</span> <span class='ocrx_word' id='word_1_140' title='bbox 580 1268 845 1322; x_wconf 83' lang='lat' dir='ltr'>suspicandum</span> <span class='ocrx_word' id='word_1_141' title='bbox 882 1268 934 1308; x_wconf 88' lang='lat' dir='ltr'>est</span> <span class='ocrx_word' id='word_1_142' title='bbox 953 1301 964 1315; x_wconf 71' lang='grc'>,</span> <span class='ocrx_word' id='word_1_143' title='bbox 1000 1277 1125 1322; x_wconf 86' lang='lat' dir='ltr'>partes</span> <span class='ocrx_word' id='word_1_144' title='bbox 1157 1271 1406 1322; x_wconf 80' lang='lat' dir='ltr'>generationi·</span> <span class='ocrx_word' id='word_1_145' title='bbox 1425 1269 1665 1311; x_wconf 85' lang='lat' dir='ltr'>inseruientes</span> 
     </span>
     <span class='ocr_line' id='line_1_22' title="bbox 345 1330 1662 1388; baseline 0.001 -14"><span class='ocrx_word' id='word_1_146' title='bbox 345 1334 512 1374; x_wconf 86' lang='lat' dir='ltr'>internas</span> <span class='ocrx_word' id='word_1_147' title='bbox 543 1330 621 1374; x_wconf 86' lang='lat' dir='ltr'>effe</span> <span class='ocrx_word' id='word_1_148' title='bbox 654 1333 815 1387; x_wconf 79' lang='lat' dir='ltr'>integras</span> <span class='ocrx_word' id='word_1_149' title='bbox 833 1365 844 1385; x_wconf 83' lang='lat'>,</span> <span class='ocrx_word' id='word_1_150' title='bbox 878 1344 923 1373; x_wconf 85' lang='lat' dir='ltr'>vt</span> <span class='ocrx_word' id='word_1_151' title='bbox 956 1332 1084 1373; x_wconf 90' lang='lat' dir='ltr'>semen</span> <span class='ocrx_word' id='word_1_152' title='bbox 1118 1332 1313 1373; x_wconf 84' lang='lat' dir='ltr'>conficere</span> <span class='ocrx_word' id='word_1_153' title='bbox 1346 1343 1460 1388; x_wconf 86' lang='lat' dir='ltr'>atque</span> <span class='ocrx_word' id='word_1_154' title='bbox 1486 1335 1662 1376; x_wconf 87' lang='lat' dir='ltr'>emittere</span> 
     </span>
     <span class='ocr_line' id='line_1_23' title="bbox 348 1396 1673 1451; baseline 0.002 -14"><span class='ocrx_word' id='word_1_155' title='bbox 348 1397 501 1438; x_wconf 81' lang='lat' dir='ltr'>valeant</span> <span class='ocrx_word' id='word_1_156' title='bbox 535 1396 768 1451; x_wconf 86' lang='lat' dir='ltr'>prolificum,</span> <span class='ocrx_word' id='word_1_157' title='bbox 803 1398 997 1450; x_wconf 83' lang='lat' dir='ltr'>quaeritur</span> <span class='ocrx_word' id='word_1_158' title='bbox 1032 1411 1078 1438; x_wconf 84' lang='lat' dir='ltr'>an</span> <span class='ocrx_word' id='word_1_159' title='bbox 1114 1397 1169 1436; x_wconf 83' lang='lat' dir='ltr'>illi</span> <span class='ocrx_word' id='word_1_160' title='bbox 1188 1430 1200 1450; x_wconf 82' lang='lat'>,</span> <span class='ocrx_word' id='word_1_161' title='bbox 1234 1398 1301 1438; x_wconf 79' lang='lat' dir='ltr'>vel</span> <span class='ocrx_word' id='word_1_162' title='bbox 1319 1398 1392 1438; x_wconf 80' lang='lat' dir='ltr'>illis</span> <span class='ocrx_word' id='word_1_163' title='bbox 1426 1398 1564 1439; x_wconf 73' lang='lat' dir='ltr'>similes</span> <span class='ocrx_word' id='word_1_164' title='bbox 1599 1399 1673 1439; x_wconf 85' lang='lat' dir='ltr'>ad·-</span> 
     </span>
     <span class='ocr_line' id='line_1_24' title="bbox 346 1459 1666 1514; baseline 0.003 -14"><span class='ocrx_word' id='word_1_165' title='bbox 346 1460 430 1501; x_wconf 57' lang='lat' dir='ltr'>ulti</span> <span class='ocrx_word' id='word_1_166' title='bbox 450 1462 511 1502; x_wconf 89' lang='lat' dir='ltr'>ad·</span> <span class='ocrx_word' id='word_1_167' title='bbox 529 1463 824 1502; x_wconf 80' lang='lat' dir='ltr'>matrimonium</span> <span class='ocrx_word' id='word_1_168' title='bbox 857 1462 936 1514; x_wconf 88' lang='lat' dir='ltr'>apti</span> <span class='ocrx_word' id='word_1_169' title='bbox 971 1459 1054 1500; x_wconf 78' lang='lat' dir='ltr'>sunt</span> <span class='ocrx_word' id='word_1_170' title='bbox 1089 1460 1351 1503; x_wconf 71' lang='lat' dir='ltr'>admittendi?</span> <span class='ocrx_word' id='word_1_171' title='bbox 1383 1462 1451 1503; x_wconf 82' lang='lat' dir='ltr'>A&#39;n</span> <span class='ocrx_word' id='word_1_172' title='bbox 1485 1463 1565 1503; x_wconf 81' lang='lat' dir='ltr'>doli</span> <span class='ocrx_word' id='word_1_173' title='bbox 1583 1476 1666 1504; x_wconf 88' lang='lat' dir='ltr'>ma-</span> 
     </span>
     <span class='ocr_line' id='line_1_25' title="bbox 345 1524 1661 1578; baseline 0.002 -13"><span class='ocrx_word' id='word_1_174' title='bbox 345 1524 375 1565; x_wconf 91' lang='lat' dir='ltr'>li</span> <span class='ocrx_word' id='word_1_175' title='bbox 406 1525 600 1565; x_wconf 84' lang='lat' dir='ltr'>accusandi</span> <span class='ocrx_word' id='word_1_176' title='bbox 631 1526 658 1566; x_wconf 81' lang='lat' dir='ltr'>si</span> <span class='ocrx_word' id='word_1_177' title='bbox 678 1558 688 1577; x_wconf 82' lang='lat'>,</span> <span class='ocrx_word' id='word_1_178' title='bbox 722 1525 893 1564; x_wconf 82' lang='lat' dir='ltr'>simulata</span> <span class='ocrx_word' id='word_1_179' title='bbox 926 1525 1090 1577; x_wconf 82' lang='lat' dir='ltr'>partium</span> <span class='ocrx_word' id='word_1_180' title='bbox 1128 1527 1338 1578; x_wconf 82' lang='lat' dir='ltr'>integritate</span> <span class='ocrx_word' id='word_1_181' title='bbox 1358 1559 1368 1578; x_wconf 87' lang='lat'>‚</span> <span class='ocrx_word' id='word_1_182' title='bbox 1403 1539 1570 1567; x_wconf 75' lang='lat' dir='ltr'>onrem</span> <span class='ocrx_word' id='word_1_183' title='bbox 1591 1528 1661 1567; x_wconf 86' lang='lat' dir='ltr'>du-</span> 
     </span>
     <span class='ocr_line' id='line_1_26' title="bbox 347 1587 1667 1643; baseline 0.002 -13"><span class='ocrx_word' id='word_1_184' title='bbox 347 1598 491 1631; x_wconf 82' lang='lat' dir='ltr'>xerunt</span> <span class='ocrx_word' id='word_1_185' title='bbox 509 1620 519 1640; x_wconf 87' lang='lat'>,</span> <span class='ocrx_word' id='word_1_186' title='bbox 556 1598 595 1628; x_wconf 92' lang='lat' dir='ltr'>et</span> <span class='ocrx_word' id='word_1_187' title='bbox 629 1601 675 1629; x_wconf 85' lang='lat' dir='ltr'>an</span> <span class='ocrx_word' id='word_1_188' title='bbox 711 1598 795 1629; x_wconf 86' lang='lat' dir='ltr'>tum</span> <span class='ocrx_word' id='word_1_189' title='bbox 828 1587 920 1628; x_wconf 91' lang='lat' dir='ltr'>huic</span> <span class='ocrx_word' id='word_1_190' title='bbox 955 1589 1139 1641; x_wconf 87' lang='lat' dir='ltr'>exceptio</span> <span class='ocrx_word' id='word_1_191' title='bbox 1172 1590 1365 1643; x_wconf 88' lang='lat' dir='ltr'>competit</span> <span class='ocrx_word' id='word_1_192' title='bbox 1408 1591 1498 1630; x_wconf 81' lang='lat' dir='ltr'>iuris</span> <span class='ocrx_word' id='word_1_193' title='bbox 1527 1591 1579 1630; x_wconf 90' lang='lat' dir='ltr'>sui</span> <span class='ocrx_word' id='word_1_194' title='bbox 1620 1591 1667 1633; x_wconf 85' lang='lat' dir='ltr'>si-</span> 
     </span>
     <span class='ocr_line' id='line_1_27' title="bbox 348 1649 1666 1708; baseline 0.002 -15"><span class='ocrx_word' id='word_1_195' title='bbox 348 1653 388 1694; x_wconf 86' lang='lat' dir='ltr'>bi</span> <span class='ocrx_word' id='word_1_196' title='bbox 420 1652 662 1693; x_wconf 40' lang='lat' dir='ltr'>nonvtributi</span> <span class='ocrx_word' id='word_1_197' title='bbox 685 1649 957 1704; x_wconf 55' lang='lat' dir='ltr'>3‘Conceffo2,</span> <span class='ocrx_word' id='word_1_198' title='bbox 990 1661 1114 1705; x_wconf 78' lang='lat' dir='ltr'>partes</span> <span class='ocrx_word' id='word_1_199' title='bbox 1157 1653 1347 1706; x_wconf 83' lang='lat' dir='ltr'>internas,</span> <span class='ocrx_word' id='word_1_200' title='bbox 1391 1663 1436 1694; x_wconf 83' lang='lat' dir='ltr'>vt</span> <span class='ocrx_word' id='word_1_201' title='bbox 1462 1655 1517 1694; x_wconf 74' lang='lat' dir='ltr'>vin</span> <span class='ocrx_word' id='word_1_202' title='bbox 1559 1668 1666 1708; x_wconf 85' lang='lat' dir='ltr'>oue,</span> 
     </span>
     <span class='ocr_line' id='line_1_28' title="bbox 348 1714 1667 1771; baseline 0.002 -14"><span class='ocrx_word' id='word_1_203' title='bbox 348 1714 428 1757; x_wconf 80' lang='lat' dir='ltr'>effe·</span> <span class='ocrx_word' id='word_1_204' title='bbox 459 1715 640 1771; x_wconf 66' lang='lat' dir='ltr'>perfectas</span> <span class='ocrx_word' id='word_1_205' title='bbox 659 1750 670 1770; x_wconf 86' lang='lat'>,</span> <span class='ocrx_word' id='word_1_206' title='bbox 703 1726 880 1757; x_wconf 82' lang='lat' dir='ltr'>externas</span> <span class='ocrx_word' id='word_1_207' title='bbox 912 1727 1008 1755; x_wconf 87' lang='lat' dir='ltr'>vero</span> <span class='ocrx_word' id='word_1_208' title='bbox 1026 1749 1036 1768; x_wconf 86' lang='lat'>,</span> <span class='ocrx_word' id='word_1_209' title='bbox 1067 1726 1121 1756; x_wconf 87' lang='lat' dir='ltr'>vt</span> <span class='ocrx_word' id='word_1_210' title='bbox 1145 1718 1184 1756; x_wconf 88' lang='lat' dir='ltr'>in</span> <span class='ocrx_word' id='word_1_211' title='bbox 1220 1716 1278 1757; x_wconf 82' lang='lat' dir='ltr'>his</span> <span class='ocrx_word' id='word_1_212' title='bbox 1296 1717 1545 1771; x_wconf 69' lang='lat' dir='ltr'>hominibus,</span> <span class='ocrx_word' id='word_1_213' title='bbox 1579 1732 1667 1760; x_wconf 90' lang='lat' dir='ltr'>mu-</span> 
     </span>
     <span class='ocr_line' id='line_1_29' title="bbox 350 1779 1668 1834; baseline 0.002 -13"><span class='ocrx_word' id='word_1_214' title='bbox 350 1781 503 1834; x_wconf 74' lang='lat' dir='ltr'>tilatas,</span> <span class='ocrx_word' id='word_1_215' title='bbox 538 1781 599 1822; x_wconf 70' lang='lat' dir='ltr'>led</span> <span class='ocrx_word' id='word_1_216' title='bbox 633 1781 681 1821; x_wconf 88' lang='lat' dir='ltr'>ad</span> <span class='ocrx_word' id='word_1_217' title='bbox 708 1781 927 1822; x_wconf 84' lang='lat' dir='ltr'>coeundum</span> <span class='ocrx_word' id='word_1_218' title='bbox 962 1779 1104 1820; x_wconf 79' lang='lat' dir='ltr'>habiles</span> <span class='ocrx_word' id='word_1_219' title='bbox 1123 1814 1133 1833; x_wconf 93' lang='lat'>,</span> <span class='ocrx_word' id='word_1_220' title='bbox 1169 1791 1281 1834; x_wconf 75' lang='lat' dir='ltr'>putO,</span> <span class='ocrx_word' id='word_1_221' title='bbox 1313 1793 1395 1820; x_wconf 70' lang='lat' dir='ltr'>ncn</span> <span class='ocrx_word' id='word_1_222' title='bbox 1428 1782 1554 1823; x_wconf 90' lang='lat' dir='ltr'>modo</span> <span class='ocrx_word' id='word_1_223' title='bbox 1596 1783 1668 1824; x_wconf 90' lang='lat' dir='ltr'>illis</span> 
     </span>
     <span class='ocr_line' id='line_1_30' title="bbox 352 1842 1671 1900; baseline 0.002 -14"><span class='ocrx_word' id='word_1_224' title='bbox 352 1845 503 1899; x_wconf 78' lang='lat' dir='ltr'>nuptias</span> <span class='ocrx_word' id='word_1_225' title='bbox 536 1844 766 1886; x_wconf 82' lang='lat' dir='ltr'>contrahere</span> <span class='ocrx_word' id='word_1_226' title='bbox 793 1842 1017 1900; x_wconf 72' lang='lat' dir='ltr'>permissum</span> <span class='ocrx_word' id='word_1_227' title='bbox 1035 1879 1046 1898; x_wconf 84' lang='lat'>,</span> <span class='ocrx_word' id='word_1_228' title='bbox 1078 1845 1138 1885; x_wconf 81' lang='lat' dir='ltr'>sed</span> <span class='ocrx_word' id='word_1_229' title='bbox 1157 1855 1197 1884; x_wconf 87' lang='lat' dir='ltr'>et</span> <span class='ocrx_word' id='word_1_230' title='bbox 1214 1845 1261 1884; x_wconf 88' lang='lat' dir='ltr'>ab</span> <span class='ocrx_word' id='word_1_231' title='bbox 1278 1846 1387 1886; x_wconf 86' lang='lat' dir='ltr'>omni</span> <span class='ocrx_word' id='word_1_232' title='bbox 1414 1845 1671 1899; x_wconf 81' lang='lat' dir='ltr'>querelaeffe</span> 
     </span>
     <span class='ocr_line' id='line_1_31' title="bbox 353 1909 1670 1965; baseline 0.002 -16"><span class='ocrx_word' id='word_1_233' title='bbox 353 1909 556 1951; x_wconf 83' lang='lat' dir='ltr'>arcendam</span> <span class='ocrx_word' id='word_1_234' title='bbox 597 1922 802 1964; x_wconf 76' lang='lat' dir='ltr'>vxoremz,</span> <span class='ocrx_word' id='word_1_235' title='bbox 843 1911 931 1964; x_wconf 90' lang='lat' dir='ltr'>quia</span> <span class='ocrx_word' id='word_1_236' title='bbox 979 1909 1153 1951; x_wconf 87' lang='lat' dir='ltr'>constant</span> <span class='ocrx_word' id='word_1_237' title='bbox 1201 1909 1384 1962; x_wconf 81' lang='lat' dir='ltr'>exempla</span> <span class='ocrx_word' id='word_1_238' title='bbox 1432 1910 1637 1952; x_wconf 83' lang='lat' dir='ltr'>hominum</span> <span class='ocrx_word' id='word_1_239' title='bbox 1658 1944 1670 1965; x_wconf 89' lang='lat'>,</span> 
     </span>
     <span class='ocr_line' id='line_1_32' title="bbox 355 1973 1669 2029; baseline 0.003 -17"><span class='ocrx_word' id='word_1_240' title='bbox 355 1975 450 2026; x_wconf 84' lang='lat' dir='ltr'>qui,</span> <span class='ocrx_word' id='word_1_241' title='bbox 483 1975 620 2028; x_wconf 84' lang='lat' dir='ltr'>glande</span> <span class='ocrx_word' id='word_1_242' title='bbox 653 1975 763 2029; x_wconf 83' lang='lat' dir='ltr'>penis</span> <span class='ocrx_word' id='word_1_243' title='bbox 797 1973 1067 2029; x_wconf 82' lang='lat' dir='ltr'>imperforata‚</span> <span class='ocrx_word' id='word_1_244' title='bbox 1119 1983 1292 2027; x_wconf 80' lang='lat' dir='ltr'>apertura</span> <span class='ocrx_word' id='word_1_245' title='bbox 1324 1973 1402 2014; x_wconf 84' lang='lat' dir='ltr'>alio</span> <span class='ocrx_word' id='word_1_246' title='bbox 1441 1974 1534 2015; x_wconf 92' lang='lat' dir='ltr'>loco</span> <span class='ocrx_word' id='word_1_247' title='bbox 1575 1976 1669 2016; x_wconf 71' lang='lat' dir='ltr'>insta</span> 
     </span>
     <span class='ocr_line' id='line_1_33' title="bbox 332 2036 1672 2091; baseline 0.003 -16"><span class='ocrx_word' id='word_1_248' title='bbox 332 2036 460 2078; x_wconf 85' lang='lat' dir='ltr'>’illam</span> <span class='ocrx_word' id='word_1_249' title='bbox 497 2039 535 2077; x_wconf 92' lang='lat' dir='ltr'>in</span> <span class='ocrx_word' id='word_1_250' title='bbox 571 2039 727 2079; x_wconf 84' lang='lat' dir='ltr'>vrethra</span> <span class='ocrx_word' id='word_1_251' title='bbox 760 2049 872 2091; x_wconf 85' lang='lat' dir='ltr'>orta,</span> <span class='ocrx_word' id='word_1_252' title='bbox 905 2050 997 2079; x_wconf 90' lang='lat' dir='ltr'>cum</span> <span class='ocrx_word' id='word_1_253' title='bbox 1031 2037 1251 2080; x_wconf 80' lang='lat' dir='ltr'>mulieribus</span> <span class='ocrx_word' id='word_1_254' title='bbox 1274 2038 1583 2091; x_wconf 77' lang='lat' dir='ltr'>concubuerunt,</span> <span class='ocrx_word' id='word_1_255' title='bbox 1618 2048 1672 2079; x_wconf 57' lang='lat' dir='ltr'>at«</span> 
     </span>
     <span class='ocr_line' id='line_1_34' title="bbox 333 2099 1678 2158; baseline -0.001 -15"><span class='ocrx_word' id='word_1_256' title='bbox 333 2114 430 2158; x_wconf 88' lang='lat' dir='ltr'>·que</span> <span class='ocrx_word' id='word_1_257' title='bbox 463 2101 613 2143; x_wconf 87' lang='lat' dir='ltr'>easdem</span> <span class='ocrx_word' id='word_1_258' title='bbox 646 2103 1000 2157; x_wconf 82' lang='lat' dir='ltr'>impregnauerunt.</span> <span class='ocrx_word' id='word_1_259' title='bbox 1068 2102 1211 2145; x_wconf 82' lang='lat' dir='ltr'>Narrat</span> <span class='ocrx_word' id='word_1_260' title='bbox 1243 2099 1441 2145; x_wconf 80' lang='lat' dir='ltr'>Melchior</span> <span class='ocrx_word' id='word_1_261' title='bbox 1465 2104 1579 2145; x_wconf 73' lang='lat' dir='ltr'>Exibe</span> <span class='ocrx_word' id='word_1_262' title='bbox 1596 2100 1634 2158; x_wconf 85' lang='lat'>(1</span> <span class='ocrx_word' id='word_1_263' title='bbox 1647 2102 1678 2155; x_wconf 82' lang='lat'>),-</span> 
     </span>
    </p>
   </div>
   <div class='ocr_carea' id='block_1_4' title="bbox 1605 2179 1668 2208">
    <p class='ocr_par' dir='ltr' id='par_1_6' title="bbox 1605 2179 1668 2208">
     <span class='ocr_line' id='line_1_35' title="bbox 1605 2179 1668 2208; baseline 0 0"><span class='ocrx_word' id='word_1_264' title='bbox 1605 2179 1668 2208; x_wconf 61' lang='lat' dir='ltr'>Vl·</span> 
     </span>
    </p>
   </div>
  </div>
 </body>
</html>
