1820 2506
887 176 917 233 )('
955 186 1014 229 74
1047 175 1078 234 )(

323 289 466 332 nariam
487 325 497 343 ,
537 304 606 333 nec
643 295 723 332 no'n
764 292 920 345 gradum
964 292 1128 333 maximi
1168 286 1300 331 caloris
1341 299 1382 332 et
1422 289 1574 346 frigoris
1613 303 1636 332 a

325 353 611 400 thermometro
645 355 859 397 mercuriali
890 356 1112 396 indicatum.

586 477 897 516 OBSERVATIO
942 475 1135 513 ECLIPSIS
1178 474 1374 513 SOLARIS

524 530 575 566 die
601 542 643 574 25
673 529 731 566 Iul.
762 533 870 574 1748.
897 527 1016 575 Lipfiae
1043 528 1145 563 habita
1174 541 1189 563 a
1214 527 1259 563 G.
1295 526 1443 564 Heinfio-

441 625 616 665 uomodo
648 624 695 664 ad
727 622 1033 663 obseruationem
1064 622 1164 663 hanc
1199 624 1413 665 commode
1454 633 1645 676 peragen-

473 689 560 729 dam
592 688 627 728 se
659 688 970 741 praeminuerit,
1006 687 1139 727 statum
1182 688 1344 729 duorum
1376 688 1526 728 suorum
1570 685 1644 726 ho—

328 750 571 804 rologiorum
605 751 922 791 oscillatoriorum
957 751 1128 805 respectu
1160 754 1347 806 temporis
1379 751 1462 792 veri
1495 749 1643 790 exami-

329 815 459 856 nando
492 816 659 869 exponit
692 815 766 855 Vir
784 812 1018 856 Clarissimus
1050 824 1088 855 et
1119 827 1214 868 quae
1241 818 1316 870 ipsa
1336 816 1398 855 die
1418 848 1428 866 ,
1461 827 1532 868 qua
1551 813 1645 854 ecli-

331 878 404 932 psis
442 879 664 919 celebranda
683 913 693 930 ,
733 880 947 920 obstiterint
995 879 1276 932 impedimenta
1325 886 1642 930 commemorat,

214 960 219 961 ⁷
286 988 287 991 Ἴ
332 955 410 996 quo
462 945 587 984 minus
636 944 788 984 initium
839 944 986 997 eclipsis
1034 943 1170 984 exuste
1210 944 1407 984 obseruare
1461 941 1643 996 potuerit.

333 1004 487 1047 Deinde
519 1008 737 1062 praecipuas
769 1006 1047 1048 obseruationes
1081 1007 1268 1049 institutas
1302 1006 1380 1048 effe
1419 1007 1535 1048 docet
1575 1016 1648 1059 pet

333 1071 469 1111 tubum
503 1071 823 1112 Astronomicum
860 1083 899 1119 3.
938 1072 1084 1127 pedum
1117 1070 1225 1126 paris.
1262 1072 1422 1126 longum
1442 1104 1453 1122 ,
1496 1068 1648 1110 obiec‘ta

333 1135 537 1176 fizcundum
572 1136 802 1178 diametrum
849 1149 918 1186 14.
970 1136 1118 1177 vicibus
1157 1136 1459 1191 amplificantem
1480 1166 1491 1185 ,
1529 1144 1649 1185 eaque

334 1198 434 1238 clare
466 1199 812 1252 repraesentantem
833 1233 843 1251 ⁷
877 1214 991 1254 quem
1040 1198 1241 1240 machinae
1282 1198 1544 1254 paralludticae
1574 1196 1650 1234 im-

335 1261 502 1316 pofitum
522 1294 532 1314 ,
567 1260 802 1315 reticuloque
832 1263 1052 1302 instructum
1088 1263 1140 1300 ob
1172 1263 1284 1301 situm
1318 1259 1565 1301 obstruatorii
1598 1258 1652 1299 sui

335 1336 374 1366 et
408 1326 460 1366 ob
493 1326 621 1379 campi
655 1325 1006 1378 repraesentationis
1045 1337 1063 1363 1
1078 1331 1105 1371 g.
1140 1322 1216 1363 fiere
1248 1324 1432 1376 graduum
1462 1335 1553 1377 prae
1587 1334 1652 1363 ce-

337 1389 426 1430 teris
458 1389 507 1429 ad
540 1389 618 1428 hoc
651 1389 848 1442 negotium
879 1397 1014 1442 aptum
1047 1387 1290 1428 indicauerat.

455 1484 523 1525 Ex
564 1496 674 1524 mora
717 1483 806 1523 disci
842 1483 968 1524 solaris
1007 1497 1077 1537 per
1115 1483 1225 1525 filum
1267 1484 1467 1524 horarium
1519 1479 1650 1520 diebus

338 1547 648 1603 praecedentibus
687 1547 962 1601 saepenumero
1004 1548 1209 1602 explorata
1258 1558 1411 1602 tempus
1453 1545 1573 1587 solare
1611 1552 1653 1585 et

338 1612 569 1653 diametrum
601 1611 684 1652 solis
716 1611 756 1652 in
786 1612 953 1666 partibus
984 1612 1108 1654 diurni
1140 1613 1313 1656 deduxit.

458 1716 640 1772 Reliquas
681 1726 810 1758 autem
857 1717 1138 1760 obseruationes
1180 1727 1218 1759 et
1258 1717 1502 1758 deductiones
1543 1714 1652 1754 iuxta

343 1781 576 1824 methodum
596 1814 608 1834 ,
641 1795 758 1836 quam
790 1781 862 1822 fuse
893 1783 932 1822 in
965 1782 1218 1837 descriptione
1252 1782 1394 1837 eclipfis
1426 1779 1513 1821 solis
1547 1779 1583 1819 d.
1606 1791 1650 1827 4.

344 1847 437 1899 Aug
485 1846 526 1886 st.
561 1860 600 1886 n.
640 1856 770 1898 1739.
806 1847 1008 1901 Petropoli
1043 1848 1256 1888 obseruatae
1297 1845 1525 1901 exposuerat
1544 1875 1554 1895 ,
1596 1843 1657 1881 in-

345 1911 490 1962 stituit,
526 1911 656 1964 prouti
688 1924 814 1952 rerum
846 1911 1068 1952 coelestium
1101 1911 1318 1952 scrutatores
1350 1909 1522 1951 maxima
1561 1916 1654 1946 cum

345 1976 550 2026 voluptate
583 1987 603 2014 a
637 1975 670 2024 ς.
694 1990 736 2026 4.
755 1976 801 2015 ad
839 1989 906 2015 11.
928 1976 1114 2016 videbunt
1133 2009 1142 2027 ,
1178 1977 1216 2015 in
1249 1988 1328 2029 quo
1369 1979 1470 2013 nmo
1497 1972 1653 2025 sequen-

346 2039 400 2081 tia
431 2037 618 2080 elementa
648 2039 810 2081 deducta
843 2039 1012 2082 exhibet.
1079 2037 1406 2081 Coniundtionem
1439 2036 1526 2079 solis
1542 2046 1580 2074 et
1597 2033 1652 2073 lu-

1584 2107 1657 2138 nae
