1820 2506
673 146 708 198 )(
741 148 801 198 69
841 143 872 205 )(

118 261 257 302 dorum
289 256 548 313 retrogradam
590 256 734 300 directe
765 257 842 300 effe
861 292 873 313 ‚
906 266 952 299 vt
985 256 1131 301 cosmus
1162 256 1356 300 distantiae
1373 260 1431 302 lu-

118 337 190 365 nae
223 338 244 365 a
276 325 349 365 sole
369 357 380 377 ,
413 323 504 364 finus
538 322 728 364 distantiae
758 323 845 364 solis
885 335 906 364 a
940 323 1047 364 nodo
1087 332 1128 364 et
1160 323 1258 365 finus
1289 324 1429 365 distan-

118 390 202 429 niae
236 389 343 429 lunae
385 401 406 428 a
439 388 546 428 nodo
579 388 815 429 coniunctim
834 420 845 440 ,
886 388 1083 440 reciproce
1115 400 1209 429 vero
1240 397 1286 428 vt
1319 388 1434 429 cubus

122 452 318 493 distantiae
352 452 438 492 solis
469 464 491 492 a
524 461 623 492 terra
655 461 692 492 et
725 451 894 492 celeritas
926 451 1036 492 lunae
1069 451 1274 493 secundum
1308 451 1434 505 longi-

120 517 334 570 gitudinem
351 549 362 568 ‚
395 515 446 555 ita
478 525 522 555 vt
554 524 685 555 motus
716 515 838 556 lineae
874 515 1067 556 nodorum
1100 516 1147 556 ab
1179 516 1241 557 his
1267 516 1434 570 quinque

120 579 321 620 elementis
350 578 515 632 pendeat
531 611 542 630 ‚
576 578 675 618 hanc
709 588 837 619 autem
864 577 1146 632 expressionem
1164 577 1327 621 mirifice
1344 592 1433 620 cum

119 643 299 686 Neutont
330 642 653 683 determinatione
692 641 742 683 L.
786 642 864 683 III.
898 656 984 696 pag.
1021 655 1078 694 30
1110 644 1235 698 princ.
1268 655 1438 699 congru-

122 719 185 748 ere
217 707 344 762 docet.

236 768 283 811 In
335 767 570 824 sequentibus
618 768 863 823 paragraphis
911 770 1026 824 vsque
1070 772 1117 812 ad
1158 784 1213 822 31
1269 772 1305 821 ξ.
1348 771 1440 826 quid'

120 833 284 887 fingulae
299 832 372 873 hae
388 835 633 887 aequationes
652 866 663 886 ,
694 833 722 874 fi
741 833 855 886 fiant,
881 835 1080 876 maximae
1098 834 1253 877 efficere
1270 836 1437 890 poffint‚

120 898 270 939 adducit
288 929 299 949 ,
341 906 378 937 et
418 897 472 937 ob
511 897 651 938 harum
689 897 961 938 nonnullarum
1002 899 1043 938 in
1075 899 1209 939 tabulis
1241 900 1435 940 Astrono-

120 961 230 1003 micis
264 961 478 1014 neglectum
520 961 615 1015 ipsas
648 973 729 1001 non
761 962 951 1002 mediocri
984 963 1266 1004 emendatione
1282 954 1437 1017 'indige-

122 1039 165 1066 re
205 1022 358 1076 asserit,
401 1027 442 1066 in
475 1025 631 1079 reliquis
665 1036 723 1073 32
746 1048 760 1055 -
781 1038 841 1076 34
863 1026 896 1074 §.
930 1027 1181 1067 variationem
1223 1026 1435 1067 inclinatio-

124 1089 183 1130 nis
220 1089 367 1129 orbitae
406 1089 518 1129 lunae
558 1101 713 1143 quoque
752 1089 980 1130 determinat
1000 1122 1012 1140 ,
1053 1100 1092 1132 et
1125 1092 1302 1144 quamuis
1331 1089 1440 1131 diffe-

121 1152 284 1193 rentiam
325 1152 423 1193 inter
452 1153 744 1193 inclinationem
782 1154 998 1194 maximam
1029 1163 1068 1194 et
1099 1154 1308 1196 minimam
1340 1155 1438 1196 duo·

121 1217 190 1258 bus
235 1215 314 1256 fere
352 1218 511 1256 minutis
548 1217 683 1270 primis
720 1217 909 1257 maiorem
950 1218 1106 1271 quidem
1139 1231 1254 1272 quam
1289 1219 1439 1260 tabulae

118 1279 308 1321 exhibere
342 1278 464 1319 solent
497 1280 757 1332 deprehendat
775 1311 788 1330 ,
832 1290 965 1320 tamen
1000 1281 1092 1320 ideo
1130 1293 1215 1322 eam
1250 1283 1289 1321 in
1324 1282 1440 1335 suspis

118 1345 275 1386 cionem
315 1343 448 1383 cadere
479 1342 578 1382 haud
611 1341 723 1395 poffe
752 1341 946 1394 affirmat,
979 1351 1062 1384 tum
1095 1346 1277 1397 quoniam
1308 1345 1348 1385 in
1384 1354 1438 1385 ta-

121 1408 215 1450 bulis
246 1407 429 1460 quaedam
462 1406 705 1458 aequationes
722 1436 733 1456 ‚
766 1406 826 1445 vti
858 1405 965 1459 supra
991 1407 1198 1461 innuimus,
1231 1408 1441 1461 neglectae,

117 1482 203 1514 tum
245 1470 331 1525 quia
369 1482 438 1523 per
475 1468 756 1509 obseruationes
800 1468 1055 1511 vehementer
1095 1470 1148 1512 est
1179 1471 1337 1513 difficile
1367 1471 1441 1514 hos

121 1537 264 1578 limites
291 1532 527 1585 exactiffime
564 1532 808 1574 constituere.

120 1656 365 1704 QVANTVM
396 1654 567 1692 MOTVS
597 1654 795 1692 TERRAE
826 1656 859 1692 A
905 1655 1048 1693 LVNA
1081 1655 1439 1696 PERTVRBETVR.

253 1706 563 1745 ACCVRATIVS
593 1705 894 1750 INQVlRlTVR.
947 1706 992 1744 A.
1013 1706 1054 1743 L.
1081 1706 1294 1745 EVLERO.

120 1797 196 1914 In
230 1811 411 1864 superiori
452 1806 712 1850 differtatione
753 1809 847 1850 dum
889 1806 974 1849 Cel.
1019 1809 1178 1852 Eulerus
1211 1822 1331 1853 nouas
1363 1822 1439 1865 pro

205 1884 316 1916 motu
353 1874 438 1914 solis
479 1873 621 1914 tabulas
660 1873 826 1914 condere
867 1882 1029 1913 conatus
1059 1874 1129 1916 fuit
1148 1908 1158 1927 ,
1193 1873 1439 1929 affumpserat

123 1950 330 1979 commune
348 1947 519 1978 centrum
538 1936 729 1990 grauitatis
762 1947 887 1977 terrae
920 1947 959 1977 et
993 1937 1103 1979 lunae
1124 1972 1134 1991 ,
1169 1939 1207 1978 in
1228 1939 1346 1992 ellipfi
1364 1940 1438 1979 cir-

124 2013 169 2040 ca
202 2002 319 2042 solem
353 2004 392 2041 in
411 2002 489 2041 eius
505 2000 595 2041 foco
628 2001 856 2042 existentem
879 2033 890 2052 ,
934 2002 1080 2042 reuolui
1114 2013 1226 2056 atque
1260 2016 1312 2043 ex
1343 2003 1436 2043 loco

125 2063 234 2107 lunae
275 2065 553 2107 aberrationem
597 2066 719 2106 centri
758 2074 878 2105 terrae
911 2064 959 2105 ab
991 2066 1058 2107 ista
1088 2067 1204 2122 ellipfi
1237 2067 1285 2108 ad
1316 2067 1437 2121 quod-

729 2142 744 2171 1
777 2139 803 2178 3
1031 2168 1033 2171 ,
1377 2140 1439 2169 vis
