1820 2506
333 189 339 198 ¹
366 190 453 238 DE
485 189 659 235 MOTV
691 185 939 235 NODORV
941 188 994 231 M
1029 186 1231 232 LVNAE
1361 197 1451 242 389

134 325 228 357 num
260 311 427 353 condere
460 311 662 366 oportuit:
698 319 794 364 quae
822 307 993 362 quamuis
1022 304 1207 349 calculum
1231 306 1343 349 lunae
1362 319 1456 348 mo·

135 375 365 420 lestiffimum
400 372 569 416 efficiant
587 409 597 429 ,
631 386 764 416 tamen
798 373 1020 427 neutiquam
1053 384 1144 413 cum
1177 374 1339 413 veritate
1363 384 1449 427 per-

130 441 231 483 fecte
262 439 511 480 constntiunt.

272 504 306 552 §.
354 515 394 544 2.
437 502 531 558 Quo
571 503 691 556 magis
729 510 856 543 autem
898 509 1027 542 motus
1069 500 1177 542 lunae
1212 500 1453 555 perturbatus

134 568 351 610 obseruatus
376 599 389 619 ,
448 578 498 607 eo
544 568 664 620 magis
717 566 906 606 theoriam
965 574 1148 607 motuum
1200 565 1419 605 coelestium
1439 597 1450 617 ,

135 645 250 688 quam
285 630 357 671 Vir
388 629 557 670 summus
591 630 796 672 Neutonus
829 630 974 682 primus
1006 630 1046 669 in
1076 629 1203 669 lucem
1237 628 1426 682 produxit
1441 660 1452 680 ,

133 694 338 737 confirmat
370 701 410 733 et
442 694 675 734 corrobarat.
745 692 948 745 Postquam
981 693 1085 733 enim
1121 691 1327 734 Neutonus
1354 692 1455 745 leges

133 773 156 800 a
188 759 358 813 Keplero
392 768 444 796 ex
486 757 809 797 obseruationibus
856 765 978 796 erutas
1021 756 1170 797 calculo
1213 754 1423 796 subiecisset
1441 786 1452 806 ,

133 831 245 876 atque
275 820 480 862 secundnm
511 833 620 861 veras
653 830 782 861 motus
815 821 961 873 regulas
994 817 1276 860 examinasset:
1320 831 1456 860 omnes

133 886 303 940 planetas
338 884 498 938 perinde
530 885 680 925 moueri
714 885 992 924 demonstrauit
1012 915 1023 934 ‚
1057 896 1100 923 ac
1144 884 1300 923 moveri
1343 884 1452 923 debe-

132 958 220 989 rent
239 981 250 1000 ,
282 948 310 990 fi
342 947 390 988 ad
424 947 544 988 solem
577 956 804 1000 vrgerentur
836 946 977 986 viribus
996 978 1007 997 ,
1049 957 1146 998 quae
1176 945 1364 999 quadratis
1397 945 1455 984 di-

133 1012 353 1053 stantiarum
389 1023 411 1051 a
449 1011 527 1051 sole
570 1011 769 1064 reciproce
801 1007 922 1050 essent
952 1009 1275 1063 proportionales.
1351 1009 1455 1050 Hine

129 1076 238 1116 enim
271 1075 434 1115 ostendit
453 1108 463 1127 ,
498 1074 664 1127 planetas
698 1074 737 1112 in
769 1073 955 1126 ellipfibus
986 1074 1169 1125 moueri,
1201 1086 1361 1126 quarum
1399 1072 1457 1112 al-

136 1150 263 1179 terum
296 1138 426 1178 focum
457 1137 511 1177 sol
547 1145 716 1188 occupet
736 1168 747 1187 ,
781 1135 937 1189 hocque
978 1144 1093 1174 motu
1134 1148 1236 1175 areas
1269 1136 1457 1188 tempori-

135 1202 204 1242 bus
236 1198 550 1259 proportionales
582 1200 682 1240 circa
716 1199 837 1239 solem
873 1199 1023 1240 emetiri
1057 1198 1223 1239 debere:
1261 1208 1455 1251 praeterea

137 1276 236 1305 vero
268 1264 448 1318 quadrata
480 1272 704 1316 temporum
737 1263 1023 1317 periodicorum
1050 1261 1156 1303 cubis
1172 1274 1307 1302 axium
1335 1272 1456 1302 trans·

136 1327 330 1369 versorum
365 1327 541 1382 cuiusque
574 1326 713 1380 ellipsis
746 1326 1051 1381 proportionalia
1068 1328 1162 1367 fore.
1229 1327 1340 1383 Quae
1360 1339 1456 1367 con-

135 1391 319 1433 clufiones
352 1403 442 1431 cum
477 1389 759 1445 Phaenomenis
799 1389 1068 1432 accuratissime
1101 1389 1339 1443 fatisfiiciant,
1375 1403 1455 1430 non

136 1456 322 1497 dubitauit
354 1455 560 1496 Neutonus
591 1465 773 1509 tanquam
808 1456 1039 1508 principium
1073 1454 1319 1495 certissimum
1346 1454 1454 1494 stabi-

135 1519 206 1559 lire
224 1551 236 1571 ,
271 1531 406 1559 omnes
439 1518 610 1572 planetas
647 1528 838 1571 perpetuo
880 1519 927 1558 ad
961 1518 1080 1559 solem
1122 1520 1247 1571 vrgeri
1280 1518 1424 1557 viribus
1442 1547 1454 1567 ,

133 1594 230 1637 quae
262 1578 450 1636 quadratis
483 1581 739 1623 distantiarum
769 1583 968 1635 reciproce
1001 1581 1075 1622 fint
1115 1580 1428 1635 proportionales
1446 1613 1458 1634 ,

135 1655 174 1686 et
205 1658 295 1686 cum
327 1646 505 1698 deinceps
536 1643 738 1686 inuenifl‘et
759 1677 770 1697 ,
809 1655 961 1685 motum
1001 1655 1240 1685 cometarum
1281 1645 1329 1684 ad
1370 1655 1457 1683 ean-

135 1709 226 1750 dem
267 1710 392 1762 legem
436 1707 513 1749 effe
555 1719 822 1763 comparatum
844 1742 854 1760 ,
887 1721 935 1749 eo
953 1721 1073 1761 magn·
1107 1710 1245 1749 veritas
1279 1708 1456 1762 principii

137 1772 287 1812 assumti
315 1772 384 1824 ipsi
404 1772 716 1814 confirmabatur.
754 1773 951 1829 Quoniam
978 1784 1098 1826 porro
1117 1783 1237 1813 omne
1258 1772 1355 1814 coeli
1374 1772 1458 1825 spa-

138 1836 234 1875 tium
267 1835 374 1874 omni
410 1836 569 1874 materia
602 1847 765 1876 vacnum
799 1837 927 1877 statuit
947 1870 957 1889 ‚
993 1848 1041 1875 ne
1076 1848 1096 1875 a
1131 1836 1335 1877 resistentia
1375 1848 1454 1876 me-

138 1899 191 1939 dii
223 1906 349 1938 motus
383 1898 624 1951 planetarum
660 1901 937 1941 retardarentur
955 1934 965 1952 ‚
1001 1900 1113 1939 huius
1146 1901 1202 1940 vis
1220 1934 1231 1953 ,
1265 1913 1339 1953 qna
1373 1900 1457 1954 pla-

137 1971 247 2004 netae
280 1962 326 2001 ad
358 1960 474 2003 solem
508 1962 755 2004 sollicitentur
773 1997 784 2015 ,
819 1965 962 2004 nnllam
997 1963 1144 2004 cauffim
1174 1964 1373 2018 physicam
1393 1964 1458 2004 ad-

140 2027 290 2065 mittere
311 2025 452 2075 Waluit.
521 2027 707 2081 Hancque
740 2027 792 2067 ob
827 2030 970 2068 causam
1007 2027 1085 2080 ipse
1119 2029 1272 2082 quidem
1314 2030 1456 2080 tacite,

141 2098 180 2130 at
197 2088 394 2129 sectatores
423 2091 499 2131 eius
530 2101 662 2147 aperte
680 2090 869 2145 (profiteri
901 2091 983 2133 sunt
1015 2092 1089 2134 ausi
1109 2125 1119 2145 ,
1153 2091 1274 2134 solem
1308 2092 1375 2132 ista
1414 2093 1455 2131 vi

720 2153 754 2196 C
773 2168 794 2196 c
815 2168 836 2196 c
859 2166 882 2204 3
1314 2157 1455 2197 imme·
