1820 2506
690 159 724 212 )(
755 171 812 212 41
848 157 881 217 )(

121 277 249 333 quitur
311 274 341 317 fi
371 273 551 316 homines
582 281 645 315 aut
676 274 771 316 aliae
803 273 1008 317 machinae
1038 274 1138 315 intra
1168 273 1298 315 nauim
1340 285 1437 317 con-

121 342 268 383 stitutae
297 339 363 381 vel
395 341 570 380 maxime
610 351 699 380 eam
739 339 958 394 propellere
1008 339 1221 380 niterentur
1249 370 1260 390 ‚
1299 350 1440 380 omnes

123 414 283 447 conatus
315 404 388 445 hos
416 404 542 444 irritos
570 403 651 444 fore
673 417 685 456 ς
719 404 870 458 putauit
900 412 1028 444 autem
1046 436 1058 456 ‚
1091 402 1192 446 hanc
1230 402 1441 443 veritatem

123 479 274 510 tantum
308 468 352 509 ad
388 481 489 509 vires
522 469 571 511 sic
604 468 721 508 dictas
752 477 923 508 mortuas
942 501 953 521 ,
988 479 1083 522 quae
1112 466 1202 507 solis
1240 465 1424 522 preffioni

124 533 190 575 bus
232 533 480 574 continentur
497 566 508 586 ‚
549 544 630 572 non
661 540 789 573 autem
833 532 880 573 ad
914 532 1076 573 alterum
1106 532 1250 573 virium
1293 541 1411 584 genus
1430 561 1443 582 ,

125 610 223 652 quae
262 598 374 638 viuae
415 595 650 650 appellantur
669 629 680 649 ‚
721 605 759 637 et
798 608 820 637 a
860 596 1100 652 percussione
1140 596 1317 637 oriuntur
1335 626 1347 648 ,
1379 605 1442 635 re-

126 661 258 716 stringi
291 660 441 701 debere.

249 723 359 766 Dum
394 734 522 766 autem
555 721 834 767 Celeberrimus
875 725 1039 767 Eulerus
1078 733 1214 767 contra
1255 723 1449 779 plurimo-

128 802 216 832 rum
246 790 510 830 recentiorum
542 789 867 845 philosophorum
886 790 1112 831 sententiam
1146 787 1235 845 (qui
1252 789 1449 829 summum

129 855 232 895 inter
265 854 364 895 vires
396 855 502 895 viuas
532 862 572 895 et
607 864 777 895 mortuas
809 855 1008 897 discrimen
1025 853 1190 895 statuunt
1210 853 1246 906 ‚i
1275 852 1452 903 euicerit,

131 917 212 959 hoc
252 918 452 959 discrimen
492 919 604 959 omni
643 920 896 961 fundamento
937 930 1098 971 carere;
1142 916 1232 957 hinc
1264 924 1421 957 veretur
1440 945 1453 966 ,

131 995 184 1023 ne
235 992 363 1023 motus
382 1016 392 1036 ‚
424 995 540 1038 quem
573 982 818 1025 Bernoullius
843 985 929 1026 naui
946 995 1025 1038 ope
1053 980 1339 1037 percussionum
1377 980 1454 1020 im-

132 1048 300 1102 primere
330 1057 488 1089 conatus
518 1048 572 1089 est
590 1081 602 1101 ‚
635 1047 749 1102 plane
782 1048 987 1090 euanescat.

253 1110 437 1153 Machina
469 1121 600 1154 autem
634 1110 904 1154 Bernoulliana
946 1111 1144 1168 propofita
1195 1110 1247 1150 ita
1297 1108 1334 1150 se
1383 1107 1457 1149 ha·

136 1175 229 1217 bet:
284 1177 323 1216 in
373 1177 460 1217 naui
509 1177 688 1218 constitui
731 1177 834 1218 iubet
868 1178 1081 1219 tabulatum
1114 1174 1273 1217 firmum
1306 1173 1348 1214 in
1383 1173 1455 1215 situ

138 1239 187 1280 ad
219 1239 471 1281 horizontem
504 1242 808 1295 perpendiculari
840 1243 946 1296 quod
978 1242 1023 1283 fit
1055 1239 1221 1294 perfecie
1246 1237 1458 1290 elasticum,

139 1312 233 1358 puta
273 1303 505 1355 chalybeum
546 1314 611 1345 aut
649 1305 889 1347 reticulatum
928 1317 977 1346 eo
1018 1304 1141 1346 saltim
1182 1304 1223 1342 in
1264 1301 1358 1342 loco
1390 1300 1459 1341 vbi

140 1363 238 1408 idstus
269 1367 419 1420 recipit.
485 1363 589 1408 Huic
623 1368 792 1409 tabulato
824 1369 869 1410 fit
901 1369 1110 1422 appensum
1129 1365 1342 1421 pendulum
1368 1376 1459 1405 cum

141 1443 299 1473 annexo
332 1431 505 1485 pondere
525 1464 536 1485 ‚
569 1432 674 1485 quod
707 1444 784 1486 ope
816 1434 1006 1473 automati
1039 1430 1275 1473 ascendendo
1316 1437 1356 1469 et
1391 1428 1461 1469 de-

142 1495 355 1536 scendendo
386 1497 474 1537 naui
507 1504 662 1537 motum
695 1497 885 1550 quendam
923 1498 1147 1550 imprimere
1165 1494 1279 1549 poffit
1300 1526 1311 1546 ,
1345 1492 1462 1534 ratio·

143 1572 194 1600 ne
226 1559 355 1600 habita
389 1558 562 1601 excessus
593 1560 737 1601 virium
773 1561 949 1602 viriatum
983 1561 1090 1615 supra
1130 1567 1304 1600 mortuas
1323 1590 1335 1610 ,
1365 1567 1464 1612 quae

146 1623 308 1667 vltimae
340 1636 479 1664 nauem
516 1633 620 1665 retro
652 1624 798 1678 pellere
831 1625 982 1665 debent.

265 1697 437 1739 Tametsi
464 1707 602 1738 autem
632 1698 721 1738 vim
739 1727 752 1747 ‚
806 1711 880 1752 qua
929 1698 1034 1738 nauis
1063 1709 1084 1738 a
1119 1696 1274 1751 penduli
1315 1693 1466 1748 percus-

150 1762 315 1804 sionibus
350 1762 577 1816 propellitur
597 1796 608 1815 ,
641 1775 722 1803 non
757 1762 882 1803 multo
915 1763 1105 1802 maiorem
1139 1760 1285 1801 calculo
1318 1759 1468 1799 institu-

154 1836 195 1866 to
246 1827 540 1880 deprehenderit
568 1859 578 1879 ,
623 1826 740 1867 altera
782 1827 823 1866 vi
865 1840 886 1865 a
925 1826 1151 1866 tensionibus
1181 1836 1267 1865 orta
1287 1857 1298 1876 ,
1335 1833 1464 1865 tamen

153 1891 244 1930 naui
279 1891 326 1931 ab
358 1904 401 1931 ea
435 1903 514 1930 non
549 1891 790 1932 mediocrem
822 1900 977 1931 motum
1022 1890 1197 1943 imprimi
1240 1888 1436 1928 existimat
1456 1887 1490 1938 ,'

157 1964 201 1994 vt
232 1955 343 1995 etiam
363 1987 374 2007 ,
408 1967 525 2008 aquae
543 1954 768 1995 resistentiae
788 1956 935 1994 ratione
955 1953 1077 1993 habita
1099 1987 1107 2005 ,
1143 1954 1247 1992 nauis
1272 1965 1353 1992 non
1371 1963 1469 1991 con-

158 2019 413 2074 temnendam
447 2019 685 2059 celeritatem
725 2020 914 2073 acquirere
955 2017 1066 2070 possit
1086 2051 1096 2071 ,
1137 2012 1253 2071 quam
1295 2018 1335 2057 in
1378 2026 1473 2056 naue

159 2083 314 2124 rostrata
345 2082 491 2137 singulis
524 2084 682 2125 minutis
715 2083 849 2138 primis
883 2083 929 2123 ud
975 2086 1072 2122 260.
1116 2082 1230 2136 pedes
1267 2080 1443 2123 extendit
1462 2108 1473 2128 ‚

802 2146 826 2185 f
1374 2151 1471 2197 quae
