1820 2506
855 107 885 167 )(
919 113 975 160 ³6
1010 108 1043 167 )(

302 231 340 264 et
372 221 568 278 perspecta
602 224 731 264 haberi
765 223 880 264 soleat
898 257 908 276 ,
940 224 1021 265 dari
1062 224 1154 265 tales
1186 222 1363 264 veritates
1381 256 1392 275 ‚
1426 236 1515 278 quas
1546 235 1615 264 co·

303 285 482 341 gnoscere
503 320 513 339 ‚
555 300 635 329 non
675 297 802 328 autem
843 288 1104 329 demonstrare
1136 287 1324 328 valeamus
1342 321 1352 340 ,
1393 301 1481 329 cum
1517 287 1616 328 nulla

305 352 346 390 in
380 348 608 393 Geometria
649 361 821 394 occurrat
853 352 1066 405 propositio
1085 385 1095 404 ,
1137 352 1238 391 cuius
1270 353 1409 392 veritas
1442 351 1517 393 siue
1548 350 1618 392 fal-

306 414 389 455 sitas
424 414 644 457 firmiffimis
675 415 882 457 rationibus
921 415 1044 455 euinci
1077 423 1248 467 nequeat.

422 479 544 519 Porro
586 479 819 520 demonstrat
862 479 901 518 in
943 478 1221 527 Aritlimetica,
1262 477 1329 518 vbi
1373 490 1617 518 numerorum

307 552 437 583 natura
453 543 703 597 perpenditur
729 542 907 581 omnium
935 541 1202 582 abstrusiffimas
1220 542 1405 581 contineri
1426 541 1619 592 veritates,

307 608 490 659 quoniam
526 607 664 646 veritas
704 618 751 645 eo
785 606 906 658 magis
946 605 1099 645 abstrusa
1132 605 1314 645 censenda
1334 637 1345 658 ,
1386 617 1462 659 quo
1498 605 1623 644 minus

305 670 351 710 ad
385 671 461 710 eius
493 668 861 709 demonstrationem
903 670 1019 710 aditus
1063 678 1201 722 pateat.

426 733 514 774 Nec
569 745 659 773 eum
719 742 889 772 moratur
954 733 1191 773 summorum
1252 731 1615 772 mathematicorum

308 796 510 836 auctoritas
529 829 540 848 ‚
574 797 748 837 veritates
781 795 1003 838 huiusmodi
1036 797 1180 849 prorsus
1211 794 1286 835 effe
1305 796 1441 835 steriles
1467 805 1504 835 et
1522 794 1620 835 haud

305 860 435 910 dignas
455 893 465 912 ‚
499 861 538 900 in
555 873 716 913 quarum
744 860 1030 913 iniiestigatione
1073 872 1190 913 opera
1230 859 1472 911 collocetur,
1504 872 1622 912 quan-

306 924 433 977 doque
480 924 829 977 pronuntiantium.
895 925 1092 981 Quoniam
1143 933 1289 976 praeter
1341 923 1444 976 quod
1497 915 1623 962 omnis

307 988 479 1040 cognitio
531 989 697 1027 veritatis
746 1000 818 1041 per
864 988 899 1028 se
940 987 1133 1028 excellens
1187 986 1229 1026 sit
1250 1019 1260 1038 ,
1301 986 1446 1026 etiamsi
1478 985 1523 1025 ab
1555 985 1623 1026 vsu

304 1051 481 1104 populari
544 1051 747 1091 abhorrere
807 1052 1011 1103 videatur,
1061 1052 1178 1090 etiaim
1229 1051 1407 1090 veritates
1458 1061 1590 1089 omnes
1610 1081 1621 1101 ‚

308 1128 395 1167 quas
436 1115 544 1155 nobis
577 1115 806 1167 cognoscere
849 1115 968 1167 licet,
1010 1116 1063 1154 ita
1097 1116 1192 1153 inter
1224 1114 1258 1153 se
1292 1112 1367 1152 effe
1401 1125 1592 1152 connexas
1612 1144 1623 1162 ,

309 1188 355 1219 vt
386 1178 485 1222 nulla
519 1178 595 1221 sine
628 1171 842 1222 temeritate
877 1190 1054 1232 tanquam
1095 1177 1243 1231 prorsus
1275 1177 1419 1216 inutilis
1453 1176 1626 1228 repudia-

309 1241 341 1280 ri
384 1241 509 1295 poffit.
575 1242 743 1282 Accedit
791 1242 817 1281 si
858 1242 924 1281 vel
972 1242 1143 1281 maxime
1185 1239 1396 1293 propositio
1442 1239 1627 1292 quaedam

308 1305 564 1346 demonstrata
599 1303 692 1344 nihil
726 1304 771 1344 ad
805 1304 1011 1345 vtilitatem
1045 1303 1282 1357 praesentem
1316 1301 1486 1341 conferre
1520 1303 1626 1342 vide-

310 1378 390 1409 atur
410 1400 421 1418 ,
463 1368 566 1421 quod
609 1377 739 1407 tamen
780 1367 985 1408 methodus
1004 1400 1014 1419 ,
1056 1380 1129 1421 qua
1173 1367 1251 1406 eius
1285 1365 1350 1405 vel
1392 1366 1528 1406 verit-ris
1561 1364 1624 1405 vel

307 1430 441 1474 saisitis,
474 1432 616 1472 eruitur
649 1430 875 1484 pierumque
910 1432 1013 1471 viam
1048 1432 1093 1472 ad
1127 1430 1216 1470 alias
1249 1429 1428 1485 veritates
1462 1429 1630 1470 vtiliores

311 1495 590 1548 cognoscendas
623 1495 833 1547 patefacere
866 1494 993 1534 soleat.

431 1559 545 1600 Haud
595 1570 687 1610 ergo
737 1558 919 1598 inutiliter
959 1570 1117 1612 operam
1168 1570 1210 1597 ac
1251 1557 1412 1597 studium
1453 1557 1493 1596 in
1523 1556 1628 1597 inda-

313 1623 469 1676 gatione
501 1621 871 1662 demonstrationum
906 1621 1136 1675 quarundam
1156 1620 1467 1675 propositionum
1499 1621 1535 1660 se
1552 1621 1629 1661 im-

317 1685 487 1739 pendiss‘e
519 1685 678 1726 confidit
721 1682 802 1726 Cel
840 1686 997 1726 iuCtor
1043 1685 1174 1739 quibus
1206 1684 1364 1737 insignes
1400 1685 1501 1724 circa
1534 1684 1630 1725 diui-

317 1750 416 1789 fores
449 1762 701 1796 numerorum
735 1750 986 1803 propriet·ites
1024 1749 1285 1790 continentur

436 1814 574 1867 Neque
608 1814 715 1853 enim
750 1813 848 1853 hinc
883 1814 930 1853 de
963 1812 1203 1853 diuisionibus
1236 1811 1408 1852 doctrina
1442 1811 1631 1851 omnica-

319 1889 403 1917 reie
444 1878 537 1927 vsu,
584 1878 643 1917 sed
688 1889 960 1931 nonnunquim
1001 1877 1040 1916 in
1073 1875 1229 1928 Analyfi
1271 1888 1349 1915 non
1382 1884 1627 1914 contemnen

320 1941 408 1982 dam
455 1941 641 1995 praestare
684 1941 891 1981 vtiiitzitem
935 1940 1111 1980 affirmat.
1179 1939 1276 1981 Non
1326 1938 1470 1978 dubitat
1512 1950 1630 1991 porro

322 2005 385 2046 vir
417 2002 500 2045 Cel.
546 2004 775 2045 methodum
815 2004 1095 2056 ratiocinandi,
1131 2015 1203 2056 qua
1236 2001 1319 2042 vsus
1351 2002 1420 2055 est,
1455 2002 1494 2041 in
1510 2002 1632 2054 graui-

1503 2065 1630 2105 oribus
