<?xml version="1.0" encoding="UTF-8"?>
<!DOCTYPE html PUBLIC "-//W3C//DTD XHTML 1.0 Transitional//EN"
    "http://www.w3.org/TR/xhtml1/DTD/xhtml1-transitional.dtd">
<html xmlns="http://www.w3.org/1999/xhtml" xml:lang="en" lang="en">
 <head>
  <title>
</title>
<meta http-equiv="Content-Type" content="text/html;charset=utf-8" />
  <meta name='ocr-system' content='tesseract 3.04.00' />
  <meta name='ocr-capabilities' content='ocr_page ocr_carea ocr_par ocr_line ocrx_word'/>
</head>
<body>
  <div class='ocr_page' id='page_1' title='image "./novicommentariac01impe_0082.png"; bbox 0 0 1820 2506; ppageno 0'>
   <div class='ocr_carea' id='block_1_1' title="bbox 908 118 1094 179">
    <p class='ocr_par' dir='ltr' id='par_1_1' title="bbox 908 118 1094 179">
     <span class='ocr_line' id='line_1_1' title="bbox 908 118 1094 179; baseline 0.011 -2"><span class='ocrx_word' id='word_1_1' title='bbox 908 118 938 178; x_wconf 76' lang='lat' dir='ltr'>l(</span> <span class='ocrx_word' id='word_1_2' title='bbox 970 125 1027 165; x_wconf 81' lang='lat'>⁶8</span> <span class='ocrx_word' id='word_1_3' title='bbox 1063 119 1094 179; x_wconf 92' lang='lat'>)(</span> 
     </span>
    </p>
   </div>
   <div class='ocr_carea' id='block_1_2' title="bbox 339 231 1653 1992">
    <p class='ocr_par' dir='ltr' id='par_1_2' title="bbox 340 231 1648 547">
     <span class='ocr_line' id='line_1_2' title="bbox 340 231 1640 291; baseline -0.001 -14"><span class='ocrx_word' id='word_1_4' title='bbox 340 236 421 291; x_wconf 63' lang='lat' dir='ltr'>rit,</span> <span class='ocrx_word' id='word_1_5' title='bbox 461 232 676 290; x_wconf 88' lang='lat' dir='ltr'>praesertim</span> <span class='ocrx_word' id='word_1_6' title='bbox 719 233 812 275; x_wconf 88' lang='lat' dir='ltr'>dum</span> <span class='ocrx_word' id='word_1_7' title='bbox 861 232 904 275; x_wconf 88' lang='lat' dir='ltr'>hi</span> <span class='ocrx_word' id='word_1_8' title='bbox 942 235 1074 276; x_wconf 78' lang='lat' dir='ltr'>vltimi</span> <span class='ocrx_word' id='word_1_9' title='bbox 1119 233 1192 275; x_wconf 79' lang='lat' dir='ltr'>vix</span> <span class='ocrx_word' id='word_1_10' title='bbox 1223 231 1325 273; x_wconf 89' lang='lat' dir='ltr'>idem</span> <span class='ocrx_word' id='word_1_11' title='bbox 1372 233 1640 289; x_wconf 73' lang='lat' dir='ltr'>praestiterim,</span> 
     </span>
     <span class='ocr_line' id='line_1_3' title="bbox 341 295 1644 355; baseline -0.002 -13"><span class='ocrx_word' id='word_1_12' title='bbox 341 301 383 342; x_wconf 88' lang='lat' dir='ltr'>in</span> <span class='ocrx_word' id='word_1_13' title='bbox 417 313 494 355; x_wconf 88' lang='lat' dir='ltr'>quo</span> <span class='ocrx_word' id='word_1_14' title='bbox 539 300 742 341; x_wconf 82' lang='lat' dir='ltr'>Neutonum</span> <span class='ocrx_word' id='word_1_15' title='bbox 784 298 938 340; x_wconf 86' lang='lat' dir='ltr'>feliciter</span> <span class='ocrx_word' id='word_1_16' title='bbox 978 307 1223 352; x_wconf 85' lang='lat' dir='ltr'>praeeuntem</span> <span class='ocrx_word' id='word_1_17' title='bbox 1251 295 1410 338; x_wconf 85' lang='lat' dir='ltr'><strong>habuere</strong></span> <span class='ocrx_word' id='word_1_18' title='bbox 1428 331 1439 350; x_wconf 88' lang='lat'>,</span> <span class='ocrx_word' id='word_1_19' title='bbox 1471 311 1549 339; x_wconf 92' lang='lat' dir='ltr'>non</span> <span class='ocrx_word' id='word_1_20' title='bbox 1586 308 1644 339; x_wconf 92' lang='lat' dir='ltr'>ta-</span> 
     </span>
     <span class='ocr_line' id='line_1_4' title="bbox 341 360 1648 415; baseline 0 -11"><span class='ocrx_word' id='word_1_21' title='bbox 341 378 434 406; x_wconf 86' lang='lat' dir='ltr'>men</span> <span class='ocrx_word' id='word_1_22' title='bbox 475 372 587 415; x_wconf 70' lang='lat' dir='ltr'>negat</span> <span class='ocrx_word' id='word_1_23' title='bbox 627 363 766 403; x_wconf 82' lang='lat' dir='ltr'>tabulas</span> <span class='ocrx_word' id='word_1_24' title='bbox 805 362 1093 403; x_wconf 85' lang='lat' dir='ltr'>Astronomicas</span> <span class='ocrx_word' id='word_1_25' title='bbox 1133 360 1180 400; x_wconf 85' lang='lat' dir='ltr'>ad</span> <span class='ocrx_word' id='word_1_26' title='bbox 1213 368 1386 401; x_wconf 85' lang='lat' dir='ltr'>mentem</span> <span class='ocrx_word' id='word_1_27' title='bbox 1427 362 1536 402; x_wconf 89' lang='lat' dir='ltr'>huius</span> <span class='ocrx_word' id='word_1_28' title='bbox 1569 362 1648 405; x_wconf 74' lang='lat' dir='ltr'>viri</span> 
     </span>
     <span class='ocr_line' id='line_1_5' title="bbox 340 422 1645 479; baseline -0.001 -11"><span class='ocrx_word' id='word_1_29' title='bbox 340 426 482 469; x_wconf 90' lang='lat' dir='ltr'>summi</span> <span class='ocrx_word' id='word_1_30' title='bbox 512 426 701 479; x_wconf 83' lang='lat' dir='ltr'>conditas,</span> <span class='ocrx_word' id='word_1_31' title='bbox 736 426 860 467; x_wconf 91' lang='lat' dir='ltr'>multo</span> <span class='ocrx_word' id='word_1_32' title='bbox 893 425 1051 478; x_wconf 88' lang='lat' dir='ltr'>propius</span> <span class='ocrx_word' id='word_1_33' title='bbox 1081 424 1213 464; x_wconf 92' lang='lat' dir='ltr'>locum</span> <span class='ocrx_word' id='word_1_34' title='bbox 1246 422 1358 464; x_wconf 89' lang='lat' dir='ltr'>lunae</span> <span class='ocrx_word' id='word_1_35' title='bbox 1392 428 1523 479; x_wconf 89' lang='lat' dir='ltr'>quouis</span> <span class='ocrx_word' id='word_1_36' title='bbox 1547 435 1645 467; x_wconf 88' lang='lat' dir='ltr'>tem·</span> 
     </span>
     <span class='ocr_line' id='line_1_6' title="bbox 345 487 1041 547; baseline -0.009 -14"><span class='ocrx_word' id='word_1_37' title='bbox 345 504 445 547; x_wconf 85' lang='lat' dir='ltr'>pore</span> <span class='ocrx_word' id='word_1_38' title='bbox 463 523 474 544; x_wconf 87' lang='lat'>,</span> <span class='ocrx_word' id='word_1_39' title='bbox 507 503 623 544; x_wconf 85' lang='lat' dir='ltr'>quam</span> <span class='ocrx_word' id='word_1_40' title='bbox 656 490 810 542; x_wconf 82' lang='lat' dir='ltr'>reliquas</span> <span class='ocrx_word' id='word_1_41' title='bbox 842 487 1041 528; x_wconf 88' lang='lat' dir='ltr'>exhibere.</span> 
     </span>
    </p>

    <p class='ocr_par' dir='ltr' id='par_1_3' title="bbox 340 547 1652 1112">
     <span class='ocr_line' id='line_1_7' title="bbox 462 547 1651 606; baseline -0.001 -12"><span class='ocrx_word' id='word_1_42' title='bbox 462 555 497 603; x_wconf 85' lang='lat'>§.</span> <span class='ocrx_word' id='word_1_43' title='bbox 532 568 575 604; x_wconf 87' lang='lat'>4.</span> <span class='ocrx_word' id='word_1_44' title='bbox 617 552 797 606; x_wconf 88' lang='lat' dir='ltr'>Exponit</span> <span class='ocrx_word' id='word_1_45' title='bbox 829 552 891 591; x_wconf 85' lang='lat' dir='ltr'>vir</span> <span class='ocrx_word' id='word_1_46' title='bbox 923 547 1007 590; x_wconf 90' lang='lat' dir='ltr'>Cel.</span> <span class='ocrx_word' id='word_1_47' title='bbox 1042 550 1131 605; x_wconf 92' lang='lat' dir='ltr'>quid</span> <span class='ocrx_word' id='word_1_48' title='bbox 1163 562 1254 591; x_wconf 90' lang='lat' dir='ltr'>eum</span> <span class='ocrx_word' id='word_1_49' title='bbox 1295 551 1571 605; x_wconf 88' lang='lat' dir='ltr'>impediuerit,</span> <span class='ocrx_word' id='word_1_50' title='bbox 1605 560 1651 593; x_wconf 82' lang='lat' dir='ltr'>vt</span> 
     </span>
     <span class='ocr_line' id='line_1_8' title="bbox 341 613 1650 668; baseline -0.002 -10"><span class='ocrx_word' id='word_1_51' title='bbox 341 626 531 659; x_wconf 85' lang='lat' dir='ltr'>tentatum</span> <span class='ocrx_word' id='word_1_52' title='bbox 564 617 666 657; x_wconf 90' lang='lat' dir='ltr'>hunc</span> <span class='ocrx_word' id='word_1_53' title='bbox 709 628 729 655; x_wconf 89' lang='lat' dir='ltr'>a</span> <span class='ocrx_word' id='word_1_54' title='bbox 760 613 797 654; x_wconf 91' lang='lat' dir='ltr'>se</span> <span class='ocrx_word' id='word_1_55' title='bbox 828 614 999 656; x_wconf 86' lang='lat' dir='ltr'>laborem</span> <span class='ocrx_word' id='word_1_56' title='bbox 1047 627 1128 655; x_wconf 91' lang='lat' dir='ltr'>non</span> <span class='ocrx_word' id='word_1_57' title='bbox 1161 616 1357 668; x_wconf 83' lang='lat' dir='ltr'>perfecerit</span> <span class='ocrx_word' id='word_1_58' title='bbox 1377 647 1388 667; x_wconf 86' lang='lat'>,</span> <span class='ocrx_word' id='word_1_59' title='bbox 1422 624 1461 655; x_wconf 90' lang='lat' dir='ltr'>et</span> <span class='ocrx_word' id='word_1_60' title='bbox 1493 615 1650 655; x_wconf 85' lang='lat' dir='ltr'>tandem</span> 
     </span>
     <span class='ocr_line' id='line_1_9' title="bbox 340 677 1651 735; baseline -0.002 -14"><span class='ocrx_word' id='word_1_61' title='bbox 340 682 464 735; x_wconf 87' lang='lat' dir='ltr'>aperit</span> <span class='ocrx_word' id='word_1_62' title='bbox 483 714 495 733; x_wconf 81' lang='lat'>,</span> <span class='ocrx_word' id='word_1_63' title='bbox 543 679 745 734; x_wconf 89' lang='lat' dir='ltr'>quomodo</span> <span class='ocrx_word' id='word_1_64' title='bbox 786 680 826 718; x_wconf 90' lang='lat' dir='ltr'>in</span> <span class='ocrx_word' id='word_1_65' title='bbox 859 677 1092 732; x_wconf 84' lang='lat' dir='ltr'>praesentem</span> <span class='ocrx_word' id='word_1_66' title='bbox 1127 679 1290 718; x_wconf 90' lang='lat' dir='ltr'>modum</span> <span class='ocrx_word' id='word_1_67' title='bbox 1331 690 1410 732; x_wconf 91' lang='lat' dir='ltr'>quo</span> <span class='ocrx_word' id='word_1_68' title='bbox 1452 677 1651 732; x_wconf 84' lang='lat' dir='ltr'>problema</span> 
     </span>
     <span class='ocr_line' id='line_1_10' title="bbox 343 741 1652 796; baseline -0.002 -11"><span class='ocrx_word' id='word_1_69' title='bbox 343 743 422 786; x_wconf 91' lang='lat' dir='ltr'>hoc</span> <span class='ocrx_word' id='word_1_70' title='bbox 460 743 602 784; x_wconf 90' lang='lat' dir='ltr'>soluere</span> <span class='ocrx_word' id='word_1_71' title='bbox 644 742 856 796; x_wconf 85' lang='lat' dir='ltr'>adgreditur</span> <span class='ocrx_word' id='word_1_72' title='bbox 903 741 1077 782; x_wconf 91' lang='lat' dir='ltr'>inciderit</span> <span class='ocrx_word' id='word_1_73' title='bbox 1095 773 1107 793; x_wconf 85' lang='lat'>,</span> <span class='ocrx_word' id='word_1_74' title='bbox 1163 753 1241 795; x_wconf 93' lang='lat' dir='ltr'>quo</span> <span class='ocrx_word' id='word_1_75' title='bbox 1281 742 1471 781; x_wconf 77' lang='lat' dir='ltr'>mediante</span> <span class='ocrx_word' id='word_1_76' title='bbox 1510 742 1652 782; x_wconf 87' lang='lat' dir='ltr'>lineam</span> 
     </span>
     <span class='ocr_line' id='line_1_11' title="bbox 341 803 1651 857; baseline -0.002 -9"><span class='ocrx_word' id='word_1_77' title='bbox 341 808 534 848; x_wconf 89' lang='lat' dir='ltr'>nodorum</span> <span class='ocrx_word' id='word_1_78' title='bbox 568 806 676 847; x_wconf 75' lang='lat' dir='ltr'>lunae</span> <span class='ocrx_word' id='word_1_79' title='bbox 708 815 746 845; x_wconf 91' lang='lat' dir='ltr'>et</span> <span class='ocrx_word' id='word_1_80' title='bbox 777 803 1031 845; x_wconf 85' lang='lat' dir='ltr'>inclinationis</span> <span class='ocrx_word' id='word_1_81' title='bbox 1062 804 1141 845; x_wconf 86' lang='lat' dir='ltr'>eius</span> <span class='ocrx_word' id='word_1_82' title='bbox 1170 804 1218 845; x_wconf 88' lang='lat' dir='ltr'>ad</span> <span class='ocrx_word' id='word_1_83' title='bbox 1249 804 1465 857; x_wconf 86' lang='lat' dir='ltr'>eclipticam</span> <span class='ocrx_word' id='word_1_84' title='bbox 1499 804 1651 845; x_wconf 86' lang='lat' dir='ltr'>variati·</span> 
     </span>
     <span class='ocr_line' id='line_1_12' title="bbox 341 867 1652 924; baseline -0.002 -13"><span class='ocrx_word' id='word_1_85' title='bbox 341 884 461 919; x_wconf 78' lang='lat' dir='ltr'>onem</span> <span class='ocrx_word' id='word_1_86' title='bbox 482 903 493 923; x_wconf 90' lang='lat'>,</span> <span class='ocrx_word' id='word_1_87' title='bbox 528 882 623 924; x_wconf 83' lang='lat' dir='ltr'>quae</span> <span class='ocrx_word' id='word_1_88' title='bbox 656 881 714 909; x_wconf 85' lang='lat' dir='ltr'>res</span> <span class='ocrx_word' id='word_1_89' title='bbox 745 868 827 908; x_wconf 86' lang='lat' dir='ltr'>aliis</span> <span class='ocrx_word' id='word_1_90' title='bbox 862 867 1055 908; x_wconf 89' lang='lat' dir='ltr'>methodis</span> <span class='ocrx_word' id='word_1_91' title='bbox 1088 868 1160 908; x_wconf 85' lang='lat' dir='ltr'>vix</span> <span class='ocrx_word' id='word_1_92' title='bbox 1191 867 1339 908; x_wconf 88' lang='lat' dir='ltr'>calculo</span> <span class='ocrx_word' id='word_1_93' title='bbox 1371 867 1652 922; x_wconf 88' lang='lat' dir='ltr'>comprehendi</span> 
     </span>
     <span class='ocr_line' id='line_1_13' title="bbox 341 929 1652 988; baseline -0.003 -14"><span class='ocrx_word' id='word_1_94' title='bbox 341 932 497 988; x_wconf 84' lang='lat' dir='ltr'>poss‘unt</span> <span class='ocrx_word' id='word_1_95' title='bbox 516 967 526 986; x_wconf 86' lang='lat'>,</span> <span class='ocrx_word' id='word_1_96' title='bbox 560 934 640 973; x_wconf 86' lang='lat' dir='ltr'>satis</span> <span class='ocrx_word' id='word_1_97' title='bbox 673 931 889 972; x_wconf 90' lang='lat' dir='ltr'>commode</span> <span class='ocrx_word' id='word_1_98' title='bbox 920 929 1077 972; x_wconf 90' lang='lat' dir='ltr'>definire</span> <span class='ocrx_word' id='word_1_99' title='bbox 1117 930 1185 984; x_wconf 91' lang='lat' dir='ltr'>ipfi</span> <span class='ocrx_word' id='word_1_100' title='bbox 1216 931 1322 971; x_wconf 90' lang='lat' dir='ltr'>licuit</span> <span class='ocrx_word' id='word_1_101' title='bbox 1341 963 1352 982; x_wconf 86' lang='lat'>,</span> <span class='ocrx_word' id='word_1_102' title='bbox 1393 942 1433 977; x_wconf 85' lang='lat' dir='ltr'>et</span> <span class='ocrx_word' id='word_1_103' title='bbox 1465 932 1526 971; x_wconf 91' lang='lat' dir='ltr'>cui</span> <span class='ocrx_word' id='word_1_104' title='bbox 1566 931 1652 971; x_wconf 83' lang='lat' dir='ltr'>viae</span> 
     </span>
     <span class='ocr_line' id='line_1_14' title="bbox 340 993 1652 1049; baseline -0.002 -11"><span class='ocrx_word' id='word_1_105' title='bbox 340 998 542 1039; x_wconf 82' lang='lat' dir='ltr'>insistendo</span> <span class='ocrx_word' id='word_1_106' title='bbox 583 995 684 1037; x_wconf 82' lang='lat' dir='ltr'>haud</span> <span class='ocrx_word' id='word_1_107' title='bbox 717 995 863 1037; x_wconf 89' lang='lat' dir='ltr'>dubitat</span> <span class='ocrx_word' id='word_1_108' title='bbox 881 1028 893 1048; x_wconf 87' lang='lat'>,</span> <span class='ocrx_word' id='word_1_109' title='bbox 934 995 1025 1048; x_wconf 89' lang='lat' dir='ltr'>quin</span> <span class='ocrx_word' id='word_1_110' title='bbox 1057 994 1200 1048; x_wconf 83' lang='lat' dir='ltr'>reliqua</span> <span class='ocrx_word' id='word_1_111' title='bbox 1234 1004 1364 1036; x_wconf 82' lang='lat' dir='ltr'>motus</span> <span class='ocrx_word' id='word_1_112' title='bbox 1392 995 1504 1036; x_wconf 83' lang='lat' dir='ltr'>lunae</span> <span class='ocrx_word' id='word_1_113' title='bbox 1532 993 1652 1049; x_wconf 57' lang='lat' dir='ltr'>phaee</span> 
     </span>
     <span class='ocr_line' id='line_1_15' title="bbox 340 1058 1250 1112; baseline -0.005 -9"><span class='ocrx_word' id='word_1_114' title='bbox 340 1073 512 1103; x_wconf 81' lang='lat' dir='ltr'>nomena</span> <span class='ocrx_word' id='word_1_115' title='bbox 553 1059 680 1101; x_wconf 91' lang='lat' dir='ltr'>multo</span> <span class='ocrx_word' id='word_1_116' title='bbox 711 1059 853 1100; x_wconf 57' lang='lat' dir='ltr'>&amp;licius</span> <span class='ocrx_word' id='word_1_117' title='bbox 884 1058 1068 1111; x_wconf 86' lang='lat' dir='ltr'>explicari</span> <span class='ocrx_word' id='word_1_118' title='bbox 1101 1067 1250 1112; x_wconf 87' lang='lat' dir='ltr'>queant.</span> 
     </span>
    </p>

    <p class='ocr_par' dir='ltr' id='par_1_4' title="bbox 339 1121 1653 1547">
     <span class='ocr_line' id='line_1_16' title="bbox 459 1121 1653 1175; baseline -0.002 -11"><span class='ocrx_word' id='word_1_119' title='bbox 459 1124 492 1173; x_wconf 66' lang='grc' dir='ltr'>ξ.</span> <span class='ocrx_word' id='word_1_120' title='bbox 521 1135 560 1174; x_wconf 82' lang='grc'>5.</span> <span class='ocrx_word' id='word_1_121' title='bbox 598 1123 639 1164; x_wconf 88' lang='grc' dir='ltr'><strong>Α</strong></span> <span class='ocrx_word' id='word_1_122' title='bbox 671 1123 829 1163; x_wconf 86' lang='lat' dir='ltr'>faciliori</span> <span class='ocrx_word' id='word_1_123' title='bbox 869 1121 1114 1175; x_wconf 87' lang='lat' dir='ltr'>problematis</span> <span class='ocrx_word' id='word_1_124' title='bbox 1164 1121 1355 1163; x_wconf 83' lang='lat' dir='ltr'>solutione</span> <span class='ocrx_word' id='word_1_125' title='bbox 1397 1121 1544 1162; x_wconf 87' lang='lat' dir='ltr'>orditur</span> <span class='ocrx_word' id='word_1_126' title='bbox 1562 1153 1574 1174; x_wconf 91' lang='lat'>,</span> <span class='ocrx_word' id='word_1_127' title='bbox 1616 1131 1653 1162; x_wconf 89' lang='lat' dir='ltr'>et</span> 
     </span>
     <span class='ocr_line' id='line_1_17' title="bbox 339 1185 1650 1241; baseline -0.003 -12"><span class='ocrx_word' id='word_1_128' title='bbox 339 1190 466 1229; x_wconf 87' lang='lat' dir='ltr'>notari</span> <span class='ocrx_word' id='word_1_129' title='bbox 500 1188 581 1229; x_wconf 83' lang='lat' dir='ltr'>vult</span> <span class='ocrx_word' id='word_1_130' title='bbox 600 1220 610 1239; x_wconf 90' lang='lat'>,</span> <span class='ocrx_word' id='word_1_131' title='bbox 643 1187 827 1241; x_wconf 79' lang='lat' dir='ltr'>quoniam</span> <span class='ocrx_word' id='word_1_132' title='bbox 844 1185 1097 1239; x_wconf 66' lang='lat' dir='ltr'>spectatorem</span> <span class='ocrx_word' id='word_1_133' title='bbox 1128 1185 1168 1225; x_wconf 90' lang='lat' dir='ltr'>in</span> <span class='ocrx_word' id='word_1_134' title='bbox 1201 1195 1301 1226; x_wconf 87' lang='lat' dir='ltr'>terra</span> <span class='ocrx_word' id='word_1_135' title='bbox 1333 1185 1522 1239; x_wconf 89' lang='lat' dir='ltr'>concipiat</span> <span class='ocrx_word' id='word_1_136' title='bbox 1553 1185 1650 1225; x_wconf 91' lang='lat' dir='ltr'>eius-</span> 
     </span>
     <span class='ocr_line' id='line_1_18' title="bbox 341 1247 1651 1306; baseline -0.002 -14"><span class='ocrx_word' id='word_1_137' title='bbox 341 1264 416 1306; x_wconf 90' lang='lat' dir='ltr'>que</span> <span class='ocrx_word' id='word_1_138' title='bbox 461 1251 630 1305; x_wconf 75' lang='lat' dir='ltr'>respec&#39;tu</span> <span class='ocrx_word' id='word_1_139' title='bbox 679 1259 834 1290; x_wconf 89' lang='lat' dir='ltr'>motum</span> <span class='ocrx_word' id='word_1_140' title='bbox 876 1260 1037 1288; x_wconf 90' lang='lat' dir='ltr'>omnem</span> <span class='ocrx_word' id='word_1_141' title='bbox 1076 1247 1257 1289; x_wconf 80' lang='lat' dir='ltr'>diiudicat</span> <span class='ocrx_word' id='word_1_142' title='bbox 1276 1279 1287 1300; x_wconf 87' lang='lat'>,</span> <span class='ocrx_word' id='word_1_143' title='bbox 1332 1257 1487 1289; x_wconf 85' lang='lat' dir='ltr'>motum</span> <span class='ocrx_word' id='word_1_144' title='bbox 1530 1257 1651 1289; x_wconf 83' lang='lat' dir='ltr'>terrae</span> 
     </span>
     <span class='ocr_line' id='line_1_19' title="bbox 343 1311 1650 1366; baseline -0.003 -10"><span class='ocrx_word' id='word_1_145' title='bbox 343 1324 426 1356; x_wconf 89' lang='lat' dir='ltr'>tam</span> <span class='ocrx_word' id='word_1_146' title='bbox 460 1315 502 1354; x_wconf 90' lang='lat' dir='ltr'>in</span> <span class='ocrx_word' id='word_1_147' title='bbox 536 1314 655 1354; x_wconf 89' lang='lat' dir='ltr'>solem</span> <span class='ocrx_word' id='word_1_148' title='bbox 689 1325 805 1366; x_wconf 79' lang='lat' dir='ltr'>quam</span> <span class='ocrx_word' id='word_1_149' title='bbox 847 1312 887 1351; x_wconf 92' lang='lat' dir='ltr'>in</span> <span class='ocrx_word' id='word_1_150' title='bbox 920 1311 1054 1351; x_wconf 89' lang='lat' dir='ltr'>lunam</span> <span class='ocrx_word' id='word_1_151' title='bbox 1086 1313 1283 1352; x_wconf 90' lang='lat' dir='ltr'>contrario</span> <span class='ocrx_word' id='word_1_152' title='bbox 1315 1311 1439 1352; x_wconf 92' lang='lat' dir='ltr'>modo</span> <span class='ocrx_word' id='word_1_153' title='bbox 1470 1311 1650 1353; x_wconf 82' lang='lat' dir='ltr'>inducen-</span> 
     </span>
     <span class='ocr_line' id='line_1_20' title="bbox 342 1373 1651 1429; baseline -0.003 -10"><span class='ocrx_word' id='word_1_154' title='bbox 342 1378 436 1419; x_wconf 90' lang='lat' dir='ltr'>dum</span> <span class='ocrx_word' id='word_1_155' title='bbox 472 1387 508 1417; x_wconf 89' lang='lat' dir='ltr'>et</span> <span class='ocrx_word' id='word_1_156' title='bbox 547 1376 708 1429; x_wconf 75' lang='lat' dir='ltr'>singulas</span> <span class='ocrx_word' id='word_1_157' title='bbox 741 1375 859 1426; x_wconf 76' lang='lat' dir='ltr'>vireS,</span> <span class='ocrx_word' id='word_1_158' title='bbox 892 1374 1025 1427; x_wconf 89' lang='lat' dir='ltr'>quibus</span> <span class='ocrx_word' id='word_1_159' title='bbox 1055 1382 1156 1413; x_wconf 89' lang='lat' dir='ltr'>terra</span> <span class='ocrx_word' id='word_1_160' title='bbox 1189 1373 1407 1415; x_wconf 85' lang='lat' dir='ltr'>sollicitatur</span> <span class='ocrx_word' id='word_1_161' title='bbox 1438 1374 1579 1429; x_wconf 79' lang='lat' dir='ltr'>pariter</span> <span class='ocrx_word' id='word_1_162' title='bbox 1610 1374 1651 1416; x_wconf 90' lang='lat' dir='ltr'>in</span> 
     </span>
     <span class='ocr_line' id='line_1_21' title="bbox 342 1435 1651 1492; baseline -0.003 -9"><span class='ocrx_word' id='word_1_163' title='bbox 342 1441 539 1483; x_wconf 87' lang='lat' dir='ltr'>contrariis</span> <span class='ocrx_word' id='word_1_164' title='bbox 589 1438 858 1481; x_wconf 71' lang='lat' dir='ltr'>directionibus</span> <span class='ocrx_word' id='word_1_165' title='bbox 908 1446 989 1478; x_wconf 85' lang='lat' dir='ltr'>tam</span> <span class='ocrx_word' id='word_1_166' title='bbox 1041 1436 1113 1478; x_wconf 87' lang='lat' dir='ltr'>soli</span> <span class='ocrx_word' id='word_1_167' title='bbox 1152 1449 1267 1491; x_wconf 87' lang='lat' dir='ltr'>quam</span> <span class='ocrx_word' id='word_1_168' title='bbox 1308 1435 1418 1478; x_wconf 86' lang='lat' dir='ltr'>lunae</span> <span class='ocrx_word' id='word_1_169' title='bbox 1450 1436 1651 1492; x_wconf 84' lang='lat' dir='ltr'>affigendas</span> 
     </span>
     <span class='ocr_line' id='line_1_22' title="bbox 346 1504 435 1547; baseline 0.011 -1"><span class='ocrx_word' id='word_1_170' title='bbox 346 1504 435 1547; x_wconf 85' lang='lat' dir='ltr'>effe.</span> 
     </span>
    </p>

    <p class='ocr_par' dir='ltr' id='par_1_5' title="bbox 342 1563 1651 1748">
     <span class='ocr_line' id='line_1_23' title="bbox 458 1563 1633 1622; baseline -0.003 -12"><span class='ocrx_word' id='word_1_171' title='bbox 458 1565 703 1622; x_wconf 82' lang='lat' dir='ltr'>Paragraphis</span> <span class='ocrx_word' id='word_1_172' title='bbox 740 1563 971 1620; x_wconf 84' lang='lat' dir='ltr'>sequentibus</span> <span class='ocrx_word' id='word_1_173' title='bbox 1000 1563 1100 1604; x_wconf 85' lang='lat' dir='ltr'>vires</span> <span class='ocrx_word' id='word_1_174' title='bbox 1132 1564 1358 1605; x_wconf 89' lang='lat' dir='ltr'>determinat</span> <span class='ocrx_word' id='word_1_175' title='bbox 1399 1563 1531 1618; x_wconf 88' lang='lat' dir='ltr'>quibus</span> <span class='ocrx_word' id='word_1_176' title='bbox 1563 1577 1633 1606; x_wconf 90' lang='lat' dir='ltr'>mo</span> 
     </span>
     <span class='ocr_line' id='line_1_24' title="bbox 343 1627 1651 1686; baseline -0.005 -12"><span class='ocrx_word' id='word_1_177' title='bbox 343 1641 403 1673; x_wconf 82' lang='lat' dir='ltr'>tus</span> <span class='ocrx_word' id='word_1_178' title='bbox 441 1631 525 1673; x_wconf 84' lang='lat' dir='ltr'>solis</span> <span class='ocrx_word' id='word_1_179' title='bbox 567 1630 803 1686; x_wconf 89' lang='lat' dir='ltr'>perturbatur</span> <span class='ocrx_word' id='word_1_180' title='bbox 845 1637 885 1668; x_wconf 89' lang='lat' dir='ltr'>et</span> <span class='ocrx_word' id='word_1_181' title='bbox 917 1627 966 1669; x_wconf 88' lang='lat' dir='ltr'>fic</span> <span class='ocrx_word' id='word_1_182' title='bbox 1007 1637 1131 1669; x_wconf 86' lang='lat' dir='ltr'>totam</span> <span class='ocrx_word' id='word_1_183' title='bbox 1164 1627 1246 1669; x_wconf 83' lang='lat' dir='ltr'>solis</span> <span class='ocrx_word' id='word_1_184' title='bbox 1280 1628 1470 1669; x_wconf 86' lang='lat' dir='ltr'>theoriam</span> <span class='ocrx_word' id='word_1_185' title='bbox 1505 1627 1538 1676; x_wconf 73' lang='lat'>§-</span> <span class='ocrx_word' id='word_1_186' title='bbox 1580 1639 1651 1668; x_wconf 67' lang='lat'>11„</span> 
     </span>
     <span class='ocr_line' id='line_1_25' title="bbox 342 1691 1600 1748; baseline -0.005 -11"><span class='ocrx_word' id='word_1_187' title='bbox 342 1697 502 1737; x_wconf 80' lang='lat' dir='ltr'>absoluit</span> <span class='ocrx_word' id='word_1_188' title='bbox 542 1694 723 1748; x_wconf 86' lang='lat' dir='ltr'>fimulque</span> <span class='ocrx_word' id='word_1_189' title='bbox 757 1691 986 1733; x_wconf 89' lang='lat' dir='ltr'>methodum</span> <span class='ocrx_word' id='word_1_190' title='bbox 1029 1703 1103 1746; x_wconf 85' lang='lat' dir='ltr'>qua</span> <span class='ocrx_word' id='word_1_191' title='bbox 1134 1692 1253 1732; x_wconf 86' lang='lat' dir='ltr'>vritur</span> <span class='ocrx_word' id='word_1_192' title='bbox 1287 1691 1391 1732; x_wconf 83' lang='lat' dir='ltr'>clare</span> <span class='ocrx_word' id='word_1_193' title='bbox 1423 1691 1600 1745; x_wconf 86' lang='lat' dir='ltr'>exponit.</span> 
     </span>
    </p>

    <p class='ocr_par' dir='ltr' id='par_1_6' title="bbox 343 1756 1652 1992">
     <span class='ocr_line' id='line_1_26' title="bbox 458 1756 1650 1809; baseline -0.003 -9"><span class='ocrx_word' id='word_1_194' title='bbox 458 1761 562 1801; x_wconf 88' lang='lat' dir='ltr'>Hinc</span> <span class='ocrx_word' id='word_1_195' title='bbox 613 1758 633 1808; x_wconf 83' lang='lat'>§</span> <span class='ocrx_word' id='word_1_196' title='bbox 704 1770 756 1796; x_wconf 86' lang='lat'>12</span> <span class='ocrx_word' id='word_1_197' title='bbox 806 1757 851 1797; x_wconf 89' lang='lat' dir='ltr'>ad</span> <span class='ocrx_word' id='word_1_198' title='bbox 903 1756 1032 1795; x_wconf 87' lang='lat' dir='ltr'>lunam</span> <span class='ocrx_word' id='word_1_199' title='bbox 1084 1756 1321 1809; x_wconf 85' lang='lat' dir='ltr'>progreditur</span> <span class='ocrx_word' id='word_1_200' title='bbox 1359 1763 1400 1796; x_wconf 88' lang='lat' dir='ltr'>et</span> <span class='ocrx_word' id='word_1_201' title='bbox 1431 1764 1476 1795; x_wconf 81' lang='lat' dir='ltr'>vt</span> <span class='ocrx_word' id='word_1_202' title='bbox 1509 1762 1650 1797; x_wconf 87' lang='lat' dir='ltr'>terram</span> 
     </span>
     <span class='ocr_line' id='line_1_27' title="bbox 343 1816 1652 1877; baseline -0.004 -13"><span class='ocrx_word' id='word_1_203' title='bbox 343 1824 598 1877; x_wconf 81' lang='lat' dir='ltr'>quiescentem</span> <span class='ocrx_word' id='word_1_204' title='bbox 641 1822 812 1862; x_wconf 83' lang='lat' dir='ltr'>obtineat</span> <span class='ocrx_word' id='word_1_205' title='bbox 842 1819 958 1859; x_wconf 90' lang='lat' dir='ltr'>etiam</span> <span class='ocrx_word' id='word_1_206' title='bbox 992 1818 1056 1859; x_wconf 88' lang='lat' dir='ltr'>hic</span> <span class='ocrx_word' id='word_1_207' title='bbox 1075 1851 1086 1871; x_wconf 85' lang='lat'>‚</span> <span class='ocrx_word' id='word_1_208' title='bbox 1117 1820 1246 1872; x_wconf 90' lang='lat' dir='ltr'>prouti</span> <span class='ocrx_word' id='word_1_209' title='bbox 1279 1817 1386 1873; x_wconf 85' lang='lat' dir='ltr'>supra</span> <span class='ocrx_word' id='word_1_210' title='bbox 1417 1817 1457 1859; x_wconf 91' lang='lat' dir='ltr'>in</span> <span class='ocrx_word' id='word_1_211' title='bbox 1485 1816 1563 1858; x_wconf 90' lang='lat' dir='ltr'>sole</span> <span class='ocrx_word' id='word_1_212' title='bbox 1596 1818 1652 1859; x_wconf 75' lang='lat' dir='ltr'>fa-</span> 
     </span>
     <span class='ocr_line' id='line_1_28' title="bbox 343 1881 1648 1939; baseline -0.005 -11"><span class='ocrx_word' id='word_1_213' title='bbox 343 1888 479 1939; x_wconf 68' lang='lat' dir='ltr'>etum</span> <span class='ocrx_word' id='word_1_214' title='bbox 515 1889 553 1927; x_wconf 88' lang='lat' dir='ltr'>in</span> <span class='ocrx_word' id='word_1_215' title='bbox 573 1883 840 1927; x_wconf 60' lang='lat' dir='ltr'>directionibus</span> <span class='ocrx_word' id='word_1_216' title='bbox 858 1883 1055 1923; x_wconf 60' lang='lat' dir='ltr'>contrarii„</span> <span class='ocrx_word' id='word_1_217' title='bbox 1066 1884 1197 1936; x_wconf 87' lang='lat' dir='ltr'>vires</span> <span class='ocrx_word' id='word_1_218' title='bbox 1230 1883 1361 1938; x_wconf 87' lang='lat' dir='ltr'>quibus</span> <span class='ocrx_word' id='word_1_219' title='bbox 1396 1890 1496 1923; x_wconf 85' lang='lat' dir='ltr'>terra</span> <span class='ocrx_word' id='word_1_220' title='bbox 1513 1881 1648 1923; x_wconf 85' lang='lat' dir='ltr'>incita-</span> 
     </span>
     <span class='ocr_line' id='line_1_29' title="bbox 343 1947 862 1992; baseline -0.01 0"><span class='ocrx_word' id='word_1_221' title='bbox 343 1960 402 1992; x_wconf 78' lang='lat' dir='ltr'>tur</span> <span class='ocrx_word' id='word_1_222' title='bbox 440 1953 478 1990; x_wconf 88' lang='lat' dir='ltr'>in</span> <span class='ocrx_word' id='word_1_223' title='bbox 515 1951 642 1991; x_wconf 78' lang='lat' dir='ltr'>lunam</span> <span class='ocrx_word' id='word_1_224' title='bbox 677 1947 862 1989; x_wconf 82' lang='lat' dir='ltr'>transfert.</span> 
     </span>
    </p>
   </div>
   <div class='ocr_carea' id='block_1_3' title="bbox 457 2007 1651 2113">
    <p class='ocr_par' dir='ltr' id='par_1_7' title="bbox 457 2007 1651 2113">
     <span class='ocr_line' id='line_1_30' title="bbox 457 2007 1651 2063; baseline -0.005 -8"><span class='ocrx_word' id='word_1_225' title='bbox 457 2015 514 2056; x_wconf 84' lang='lat' dir='ltr'>Et</span> <span class='ocrx_word' id='word_1_226' title='bbox 546 2015 698 2055; x_wconf 77' lang='lat' dir='ltr'>tandem</span> <span class='ocrx_word' id='word_1_227' title='bbox 738 2012 773 2062; x_wconf 82' lang='lat'>§.</span> <span class='ocrx_word' id='word_1_228' title='bbox 814 2023 883 2063; x_wconf 93' lang='lat'>19.</span> <span class='ocrx_word' id='word_1_229' title='bbox 919 2009 1148 2053; x_wconf 87' lang='lat' dir='ltr'>determinat</span> <span class='ocrx_word' id='word_1_230' title='bbox 1179 2009 1414 2053; x_wconf 81' lang='lat' dir='ltr'>celeritatem</span> <span class='ocrx_word' id='word_1_231' title='bbox 1437 2007 1562 2051; x_wconf 84' lang='lat' dir='ltr'>lineae</span> <span class='ocrx_word' id='word_1_232' title='bbox 1578 2021 1651 2049; x_wconf 82' lang='lat' dir='ltr'>no-</span> 
     </span>
     <span class='ocr_line' id='line_1_31' title="bbox 1578 2073 1650 2113; baseline 0 0"><span class='ocrx_word' id='word_1_233' title='bbox 1578 2073 1650 2113; x_wconf 89' lang='lat' dir='ltr'>do·</span> 
     </span>
    </p>
   </div>
  </div>
 </body>
</html>
