<?xml version="1.0" encoding="UTF-8"?>
<!DOCTYPE html PUBLIC "-//W3C//DTD XHTML 1.0 Transitional//EN"
    "http://www.w3.org/TR/xhtml1/DTD/xhtml1-transitional.dtd">
<html xmlns="http://www.w3.org/1999/xhtml" xml:lang="en" lang="en">
 <head>
  <title>
</title>
<meta http-equiv="Content-Type" content="text/html;charset=utf-8" />
  <meta name='ocr-system' content='tesseract 3.04.00' />
  <meta name='ocr-capabilities' content='ocr_page ocr_carea ocr_par ocr_line ocrx_word'/>
</head>
<body>
  <div class='ocr_page' id='page_1' title='image "./novicommentariac01impe_0253.png"; bbox 0 0 1820 2506; ppageno 0'>
   <div class='ocr_carea' id='block_1_1' title="bbox 212 169 1462 239">
    <p class='ocr_par' dir='ltr' id='par_1_1' title="bbox 212 169 1462 239">
     <span class='ocr_line' id='line_1_1' title="bbox 212 169 1462 239; baseline -0.006 -17"><span class='ocrx_word' id='word_1_1' title='bbox 212 176 366 239; x_wconf 65' lang='lat' dir='ltr'><em>QVAE</em></span> <span class='ocrx_word' id='word_1_2' title='bbox 384 175 527 219; x_wconf 85' lang='lat' dir='ltr'><strong><em>POST</em></strong></span> <span class='ocrx_word' id='word_1_3' title='bbox 545 169 866 221; x_wconf 87' lang='lat' dir='ltr'><strong><em>MISCELAM</em></strong></span> <span class='ocrx_word' id='word_1_4' title='bbox 899 171 1194 218; x_wconf 85' lang='lat' dir='ltr'><em>FLVIDORV</em></span> <span class='ocrx_word' id='word_1_5' title='bbox 1192 171 1248 220; x_wconf 92' lang='lat' dir='ltr'><strong><em>M</em></strong></span> <span class='ocrx_word' id='word_1_6' title='bbox 1270 173 1353 225; x_wconf 64' lang='lat' dir='ltr'><strong>&amp;a</strong></span> <span class='ocrx_word' id='word_1_7' title='bbox 1376 183 1430 228; x_wconf 78' lang='lat'><strong>15</strong></span> <span class='ocrx_word' id='word_1_8' title='bbox 1441 184 1462 226; x_wconf 83' lang='grc' dir='ltr'>ς</span> 
     </span>
    </p>
   </div>
   <div class='ocr_carea' id='block_1_2' title="bbox 151 292 1490 1111">
    <p class='ocr_par' dir='ltr' id='par_1_2' title="bbox 151 292 1474 471">
     <span class='ocr_line' id='line_1_2' title="bbox 307 292 1473 350; baseline -0.002 -13"><span class='ocrx_word' id='word_1_9' title='bbox 307 303 358 345; x_wconf 84' lang='lat'><strong>2)</strong></span> <span class='ocrx_word' id='word_1_10' title='bbox 392 295 692 339; x_wconf 87' lang='lat' dir='ltr'><strong>Thermometri</strong></span> <span class='ocrx_word' id='word_1_11' title='bbox 733 294 844 350; x_wconf 84' lang='lat' dir='ltr'><strong>ipsius</strong></span> <span class='ocrx_word' id='word_1_12' title='bbox 883 303 924 336; x_wconf 91' lang='lat' dir='ltr'><strong>et</strong></span> <span class='ocrx_word' id='word_1_13' title='bbox 957 293 1054 336; x_wconf 82' lang='lat' dir='ltr'><strong>vasis</strong></span> <span class='ocrx_word' id='word_1_14' title='bbox 1094 293 1267 336; x_wconf 80' lang='lat' dir='ltr'><strong>calorem</strong></span> <span class='ocrx_word' id='word_1_15' title='bbox 1299 292 1473 335; x_wconf 79' lang='lat' dir='ltr'><strong>distribui</strong></span> 
     </span>
     <span class='ocr_line' id='line_1_3' title="bbox 152 357 1474 420; baseline -0.004 -14"><span class='ocrx_word' id='word_1_16' title='bbox 152 376 226 420; x_wconf 83' lang='lat' dir='ltr'><strong>per</strong></span> <span class='ocrx_word' id='word_1_17' title='bbox 257 362 432 404; x_wconf 86' lang='lat' dir='ltr'><strong>mixtum</strong></span> <span class='ocrx_word' id='word_1_18' title='bbox 452 395 463 415; x_wconf 85' lang='lat'>‚</span> <span class='ocrx_word' id='word_1_19' title='bbox 498 374 568 417; x_wconf 90' lang='lat' dir='ltr'><strong>per</strong></span> <span class='ocrx_word' id='word_1_20' title='bbox 601 360 697 402; x_wconf 80' lang='lat' dir='ltr'><strong>vasis</strong></span> <span class='ocrx_word' id='word_1_21' title='bbox 729 361 893 416; x_wconf 87' lang='lat' dir='ltr'><strong>parietes</strong></span> <span class='ocrx_word' id='word_1_22' title='bbox 910 391 922 414; x_wconf 85' lang='lat'>‚</span> <span class='ocrx_word' id='word_1_23' title='bbox 956 360 997 402; x_wconf 91' lang='lat' dir='ltr'><strong>in</strong></span> <span class='ocrx_word' id='word_1_24' title='bbox 1029 372 1110 416; x_wconf 93' lang='lat' dir='ltr'><strong>quo</strong></span> <span class='ocrx_word' id='word_1_25' title='bbox 1140 358 1188 403; x_wconf 85' lang='lat' dir='ltr'><strong>fit</strong></span> <span class='ocrx_word' id='word_1_26' title='bbox 1218 357 1367 404; x_wconf 85' lang='lat' dir='ltr'>mixtio</span> <span class='ocrx_word' id='word_1_27' title='bbox 1384 389 1397 412; x_wconf 88' lang='lat'>‚</span> <span class='ocrx_word' id='word_1_28' title='bbox 1431 365 1474 401; x_wconf 89' lang='lat' dir='ltr'><strong>et</strong></span> 
     </span>
     <span class='ocr_line' id='line_1_4' title="bbox 151 428 495 471; baseline -0.015 0"><span class='ocrx_word' id='word_1_29' title='bbox 151 428 495 471; x_wconf 79' lang='lat' dir='ltr'><strong>thermometrum.</strong></span> 
     </span>
    </p>

    <p class='ocr_par' dir='ltr' id='par_1_3' title="bbox 154 487 1490 1111">
     <span class='ocr_line' id='line_1_5' title="bbox 309 487 1477 546; baseline -0.002 -15"><span class='ocrx_word' id='word_1_30' title='bbox 309 496 360 543; x_wconf 83' lang='lat'><strong>3)</strong></span> <span class='ocrx_word' id='word_1_31' title='bbox 395 500 547 546; x_wconf 85' lang='lat' dir='ltr'><strong>partem</strong></span> <span class='ocrx_word' id='word_1_32' title='bbox 580 489 720 531; x_wconf 87' lang='lat' dir='ltr'><strong>caloris</strong></span> <span class='ocrx_word' id='word_1_33' title='bbox 752 488 869 530; x_wconf 88' lang='lat' dir='ltr'>mixti</span> <span class='ocrx_word' id='word_1_34' title='bbox 901 501 971 544; x_wconf 90' lang='lat' dir='ltr'><strong>per</strong></span> <span class='ocrx_word' id='word_1_35' title='bbox 1004 487 1245 530; x_wconf 86' lang='lat' dir='ltr'><strong>interuallum</strong></span> <span class='ocrx_word' id='word_1_36' title='bbox 1264 487 1477 543; x_wconf 90' lang='lat' dir='ltr'><strong>temporis,</strong></span> 
     </span>
     <span class='ocr_line' id='line_1_6' title="bbox 154 553 1476 611; baseline -0.004 -12"><span class='ocrx_word' id='word_1_37' title='bbox 154 556 196 599; x_wconf 87' lang='lat' dir='ltr'><strong>in</strong></span> <span class='ocrx_word' id='word_1_38' title='bbox 239 568 319 611; x_wconf 91' lang='lat' dir='ltr'><strong>quo</strong></span> <span class='ocrx_word' id='word_1_39' title='bbox 360 554 406 596; x_wconf 93' lang='lat' dir='ltr'><strong>fit</strong></span> <span class='ocrx_word' id='word_1_40' title='bbox 446 555 765 608; x_wconf 85' lang='lat' dir='ltr'><strong>experimentum</strong></span> <span class='ocrx_word' id='word_1_41' title='bbox 786 586 798 606; x_wconf 88' lang='lat'>,</span> <span class='ocrx_word' id='word_1_42' title='bbox 840 553 996 596; x_wconf 82' lang='lat' dir='ltr'><strong>transire</strong></span> <span class='ocrx_word' id='word_1_43' title='bbox 1038 554 1079 594; x_wconf 89' lang='lat' dir='ltr'><strong>in</strong></span> <span class='ocrx_word' id='word_1_44' title='bbox 1111 553 1274 594; x_wconf 87' lang='lat' dir='ltr'><strong>liberum</strong></span> <span class='ocrx_word' id='word_1_45' title='bbox 1315 565 1443 594; x_wconf 84' lang='lat' dir='ltr'><strong>aerem</strong></span> <span class='ocrx_word' id='word_1_46' title='bbox 1464 584 1476 606; x_wconf 87' lang='lat'>,</span> 
     </span>
     <span class='ocr_line' id='line_1_7' title="bbox 155 613 1482 675; baseline -0.004 -13"><span class='ocrx_word' id='word_1_47' title='bbox 155 621 245 674; x_wconf 74' lang='lat' dir='ltr'><strong>vbi,</strong></span> <span class='ocrx_word' id='word_1_48' title='bbox 278 619 613 675; x_wconf 88' lang='lat' dir='ltr'><strong>quemadmodum</strong></span> <span class='ocrx_word' id='word_1_49' title='bbox 654 619 695 658; x_wconf 89' lang='lat' dir='ltr'><strong>in</strong></span> <span class='ocrx_word' id='word_1_50' title='bbox 735 613 885 657; x_wconf 78' lang='lat' dir='ltr'><strong>clariss.</strong></span> <span class='ocrx_word' id='word_1_51' title='bbox 927 617 1078 660; x_wconf 87' lang='lat' dir='ltr'><strong>Krafftii</strong></span> <span class='ocrx_word' id='word_1_52' title='bbox 1118 617 1399 672; x_wconf 86' lang='lat' dir='ltr'><strong>experimentis</strong></span> <span class='ocrx_word' id='word_1_53' title='bbox 1431 616 1482 657; x_wconf 90' lang='lat' dir='ltr'><strong>de</strong></span> 
     </span>
     <span class='ocr_line' id='line_1_8' title="bbox 156 680 1481 736; baseline -0.003 -10"><span class='ocrx_word' id='word_1_54' title='bbox 156 685 284 727; x_wconf 88' lang='lat' dir='ltr'><strong>calore</strong></span> <span class='ocrx_word' id='word_1_55' title='bbox 330 692 371 724; x_wconf 90' lang='lat' dir='ltr'><strong>et</strong></span> <span class='ocrx_word' id='word_1_56' title='bbox 411 681 554 736; x_wconf 85' lang='lat' dir='ltr'><strong>frigore</strong></span> <span class='ocrx_word' id='word_1_57' title='bbox 595 681 779 722; x_wconf 84' lang='lat' dir='ltr'><strong>stabilitur</strong></span> <span class='ocrx_word' id='word_1_58' title='bbox 797 713 808 734; x_wconf 86' lang='lat'>,</span> <span class='ocrx_word' id='word_1_59' title='bbox 851 680 959 722; x_wconf 85' lang='lat' dir='ltr'><strong>calor</strong></span> <span class='ocrx_word' id='word_1_60' title='bbox 999 694 1052 724; x_wconf 87' lang='lat' dir='ltr'><strong>ex</strong></span> <span class='ocrx_word' id='word_1_61' title='bbox 1090 682 1213 723; x_wconf 90' lang='lat' dir='ltr'><strong>fluido</strong></span> <span class='ocrx_word' id='word_1_62' title='bbox 1253 694 1304 723; x_wconf 90' lang='lat' dir='ltr'><strong>eo</strong></span> <span class='ocrx_word' id='word_1_63' title='bbox 1337 681 1481 723; x_wconf 83' lang='lat' dir='ltr'><strong>tardius</strong></span> 
     </span>
     <span class='ocr_line' id='line_1_9' title="bbox 159 744 1482 802; baseline -0.004 -11"><span class='ocrx_word' id='word_1_64' title='bbox 159 748 332 802; x_wconf 86' lang='lat' dir='ltr'><strong>aufugit,</strong></span> <span class='ocrx_word' id='word_1_65' title='bbox 373 759 452 802; x_wconf 89' lang='lat' dir='ltr'><strong>quo</strong></span> <span class='ocrx_word' id='word_1_66' title='bbox 492 747 615 800; x_wconf 87' lang='lat' dir='ltr'><strong>magis</strong></span> <span class='ocrx_word' id='word_1_67' title='bbox 658 745 807 787; x_wconf 85' lang='lat' dir='ltr'><strong>accedit</strong></span> <span class='ocrx_word' id='word_1_68' title='bbox 846 744 954 787; x_wconf 83' lang='lat' dir='ltr'><strong>calor</strong></span> <span class='ocrx_word' id='word_1_69' title='bbox 993 745 1101 788; x_wconf 90' lang='lat' dir='ltr'><strong>fluidi</strong></span> <span class='ocrx_word' id='word_1_70' title='bbox 1133 746 1181 788; x_wconf 85' lang='lat' dir='ltr'><strong>ad</strong></span> <span class='ocrx_word' id='word_1_71' title='bbox 1214 746 1388 788; x_wconf 86' lang='lat' dir='ltr'><strong>calorem</strong></span> <span class='ocrx_word' id='word_1_72' title='bbox 1418 746 1482 787; x_wconf 75' lang='lat' dir='ltr'><strong>&#39;at-</strong></span> 
     </span>
     <span class='ocr_line' id='line_1_10' title="bbox 159 808 1483 867; baseline -0.003 -12"><span class='ocrx_word' id='word_1_73' title='bbox 159 811 383 867; x_wconf 83' lang='lat' dir='ltr'><strong>mospherae</strong></span> <span class='ocrx_word' id='word_1_74' title='bbox 432 810 646 852; x_wconf 84' lang='lat' dir='ltr'><strong>ambientis.</strong></span> <span class='ocrx_word' id='word_1_75' title='bbox 712 808 757 852; x_wconf 89' lang='lat' dir='ltr'><strong>Si</strong></span> <span class='ocrx_word' id='word_1_76' title='bbox 798 811 988 865; x_wconf 85' lang='lat' dir='ltr'><strong>temporis</strong></span> <span class='ocrx_word' id='word_1_77' title='bbox 1030 820 1163 852; x_wconf 84' lang='lat' dir='ltr'><strong>tamen</strong></span> <span class='ocrx_word' id='word_1_78' title='bbox 1203 810 1450 852; x_wconf 81' lang='lat' dir='ltr'><strong>interuallum</strong></span> <span class='ocrx_word' id='word_1_79' title='bbox 1468 842 1483 863; x_wconf 88' lang='lat'>,</span> 
     </span>
     <span class='ocr_line' id='line_1_11' title="bbox 159 874 1487 933; baseline -0.002 -15"><span class='ocrx_word' id='word_1_80' title='bbox 159 889 230 933; x_wconf 86' lang='lat' dir='ltr'><strong>per</strong></span> <span class='ocrx_word' id='word_1_81' title='bbox 270 875 376 931; x_wconf 91' lang='lat' dir='ltr'><strong>quod</strong></span> <span class='ocrx_word' id='word_1_82' title='bbox 416 874 463 915; x_wconf 91' lang='lat' dir='ltr'><strong>fit</strong></span> <span class='ocrx_word' id='word_1_83' title='bbox 503 876 818 929; x_wconf 86' lang='lat' dir='ltr'><strong>experimentum</strong></span> <span class='ocrx_word' id='word_1_84' title='bbox 836 908 847 928; x_wconf 91' lang='lat'>,</span> <span class='ocrx_word' id='word_1_85' title='bbox 887 876 1016 916; x_wconf 88' lang='lat' dir='ltr'><strong>minus</strong></span> <span class='ocrx_word' id='word_1_86' title='bbox 1064 875 1119 915; x_wconf 92' lang='lat' dir='ltr'><strong>est</strong></span> <span class='ocrx_word' id='word_1_87' title='bbox 1137 907 1148 927; x_wconf 91' lang='lat'>‚</span> <span class='ocrx_word' id='word_1_88' title='bbox 1191 875 1487 916; x_wconf 88' lang='lat' dir='ltr'><strong>decrementum</strong></span> 
     </span>
     <span class='ocr_line' id='line_1_12' title="bbox 160 937 1490 993; baseline -0.001 -11"><span class='ocrx_word' id='word_1_89' title='bbox 160 941 298 982; x_wconf 86' lang='lat' dir='ltr'><strong>caloris</strong></span> <span class='ocrx_word' id='word_1_90' title='bbox 330 952 383 981; x_wconf 84' lang='lat' dir='ltr'><strong>ex</strong></span> <span class='ocrx_word' id='word_1_91' title='bbox 415 939 489 980; x_wconf 81' lang='lat' dir='ltr'><strong>hac</strong></span> <span class='ocrx_word' id='word_1_92' title='bbox 522 939 627 981; x_wconf 83' lang='lat' dir='ltr'><strong>causa</strong></span> <span class='ocrx_word' id='word_1_93' title='bbox 666 939 889 993; x_wconf 89' lang='lat' dir='ltr'><strong>praesertim</strong></span> <span class='ocrx_word' id='word_1_94' title='bbox 920 939 962 979; x_wconf 89' lang='lat' dir='ltr'><strong>in</strong></span> <span class='ocrx_word' id='word_1_95' title='bbox 995 937 1119 979; x_wconf 86' lang='lat' dir='ltr'><strong>maffis</strong></span> <span class='ocrx_word' id='word_1_96' title='bbox 1151 938 1359 979; x_wconf 87' lang='lat' dir='ltr'><strong>maioribus</strong></span> <span class='ocrx_word' id='word_1_97' title='bbox 1391 949 1490 981; x_wconf 81' lang='lat' dir='ltr'><strong>exa-</strong></span> 
     </span>
     <span class='ocr_line' id='line_1_13' title="bbox 161 1000 1490 1058; baseline -0.001 -12"><span class='ocrx_word' id='word_1_98' title='bbox 161 1005 352 1047; x_wconf 88' lang='lat' dir='ltr'><strong>minandis</strong></span> <span class='ocrx_word' id='word_1_99' title='bbox 398 1002 604 1046; x_wconf 74' lang='lat' dir='ltr'><strong>inienfibile</strong></span> <span class='ocrx_word' id='word_1_100' title='bbox 652 1000 731 1045; x_wconf 84' lang='lat' dir='ltr'><strong>effe</strong></span> <span class='ocrx_word' id='word_1_101' title='bbox 770 1002 915 1057; x_wconf 78' lang='lat' dir='ltr'><strong>debet3</strong></span> <span class='ocrx_word' id='word_1_102' title='bbox 959 1001 1052 1045; x_wconf 88' lang='lat' dir='ltr'><strong>hinc</strong></span> <span class='ocrx_word' id='word_1_103' title='bbox 1100 1002 1244 1058; x_wconf 85' lang='lat' dir='ltr'><strong>negligi</strong></span> <span class='ocrx_word' id='word_1_104' title='bbox 1284 1001 1416 1058; x_wconf 88' lang='lat' dir='ltr'><strong>potest</strong></span> <span class='ocrx_word' id='word_1_105' title='bbox 1447 1001 1490 1045; x_wconf 84' lang='lat' dir='ltr'><strong>in</strong></span> 
     </span>
     <span class='ocr_line' id='line_1_14' title="bbox 163 1068 327 1111; baseline -0.012 0"><span class='ocrx_word' id='word_1_106' title='bbox 163 1068 327 1111; x_wconf 84' lang='lat' dir='ltr'><strong>calculo.</strong></span> 
     </span>
    </p>
   </div>
   <div class='ocr_carea' id='block_1_3' title="bbox 164 1129 1493 1251">
    <p class='ocr_par' dir='ltr' id='par_1_4' title="bbox 164 1129 1493 1251">
     <span class='ocr_line' id='line_1_15' title="bbox 312 1129 1492 1186; baseline 0.003 -14"><span class='ocrx_word' id='word_1_107' title='bbox 312 1132 348 1183; x_wconf 70' lang='grc' dir='ltr'><strong>ξ.</strong></span> <span class='ocrx_word' id='word_1_108' title='bbox 369 1135 412 1172; x_wconf 62' lang='lat'><strong>6„</strong></span> <span class='ocrx_word' id='word_1_109' title='bbox 449 1129 492 1173; x_wconf 90' lang='lat' dir='ltr'><strong>Si</strong></span> <span class='ocrx_word' id='word_1_110' title='bbox 523 1132 829 1174; x_wconf 84' lang='lat' dir='ltr'><strong>circumstantiae</strong></span> <span class='ocrx_word' id='word_1_111' title='bbox 863 1131 886 1181; x_wconf 71' lang='grc' dir='ltr'><strong>ξ</strong></span> <span class='ocrx_word' id='word_1_112' title='bbox 918 1131 1095 1186; x_wconf 83' lang='lat' dir='ltr'><strong>praeced.</strong></span> <span class='ocrx_word' id='word_1_113' title='bbox 1116 1144 1154 1173; x_wconf 90' lang='lat' dir='ltr'><strong>n.</strong></span> <span class='ocrx_word' id='word_1_114' title='bbox 1180 1143 1218 1171; x_wconf 88' lang='lat'><strong>1.</strong></span> <span class='ocrx_word' id='word_1_115' title='bbox 1243 1144 1292 1186; x_wconf 81' lang='lat'><strong>2,</strong></span> <span class='ocrx_word' id='word_1_116' title='bbox 1309 1129 1351 1173; x_wconf 89' lang='lat' dir='ltr'><strong>in</strong></span> <span class='ocrx_word' id='word_1_117' title='bbox 1368 1130 1492 1175; x_wconf 80' lang='lat' dir='ltr'><strong>maffis</strong></span> 
     </span>
     <span class='ocr_line' id='line_1_16' title="bbox 164 1195 1493 1251; baseline -0.001 -12"><span class='ocrx_word' id='word_1_118' title='bbox 164 1198 429 1239; x_wconf 82' lang='lat' dir='ltr'><strong>examinandis</strong></span> <span class='ocrx_word' id='word_1_119' title='bbox 458 1197 669 1238; x_wconf 84' lang='lat' dir='ltr'><strong>minoribus</strong></span> <span class='ocrx_word' id='word_1_120' title='bbox 708 1197 950 1251; x_wconf 85' lang='lat' dir='ltr'><strong>negligantur</strong></span> <span class='ocrx_word' id='word_1_121' title='bbox 964 1229 976 1250; x_wconf 84' lang='lat'>‚</span> <span class='ocrx_word' id='word_1_122' title='bbox 1026 1195 1112 1238; x_wconf 89' lang='lat' dir='ltr'><strong>fieri</strong></span> <span class='ocrx_word' id='word_1_123' title='bbox 1144 1196 1274 1251; x_wconf 90' lang='lat' dir='ltr'><strong>potest</strong></span> <span class='ocrx_word' id='word_1_124' title='bbox 1291 1230 1304 1251; x_wconf 91' lang='lat'>,</span> <span class='ocrx_word' id='word_1_125' title='bbox 1343 1206 1390 1238; x_wconf 81' lang='lat' dir='ltr'><strong>vt</strong></span> <span class='ocrx_word' id='word_1_126' title='bbox 1409 1209 1493 1251; x_wconf 83' lang='lat' dir='ltr'><strong>gra-</strong></span> 
     </span>
    </p>
   </div>
   <div class='ocr_carea' id='block_1_4' title="bbox 165 1259 1506 1961">
    <p class='ocr_par' dir='ltr' id='par_1_5' title="bbox 165 1259 1506 1961">
     <span class='ocr_line' id='line_1_17' title="bbox 165 1259 1494 1304; baseline -0.001 0"><span class='ocrx_word' id='word_1_127' title='bbox 165 1263 235 1304; x_wconf 88' lang='lat' dir='ltr'><strong>dus</strong></span> <span class='ocrx_word' id='word_1_128' title='bbox 267 1261 552 1303; x_wconf 90' lang='lat' dir='ltr'><strong>thermometro</strong></span> <span class='ocrx_word' id='word_1_129' title='bbox 571 1262 718 1303; x_wconf 91' lang='lat' dir='ltr'><strong>inuenti</strong></span> <span class='ocrx_word' id='word_1_130' title='bbox 735 1274 817 1302; x_wconf 91' lang='lat' dir='ltr'><strong>non</strong></span> <span class='ocrx_word' id='word_1_131' title='bbox 843 1261 1082 1302; x_wconf 90' lang='lat' dir='ltr'><strong>concordent</strong></span> <span class='ocrx_word' id='word_1_132' title='bbox 1099 1274 1188 1303; x_wconf 87' lang='lat' dir='ltr'><strong>cum</strong></span> <span class='ocrx_word' id='word_1_133' title='bbox 1220 1259 1386 1303; x_wconf 85' lang='lat' dir='ltr'><strong>formula</strong></span> <span class='ocrx_word' id='word_1_134' title='bbox 1401 1260 1494 1303; x_wconf 84' lang='lat' dir='ltr'><strong>alla·</strong></span> 
     </span>
     <span class='ocr_line' id='line_1_18' title="bbox 165 1325 1498 1382; baseline 0 -14"><span class='ocrx_word' id='word_1_135' title='bbox 165 1336 218 1380; x_wconf 83' lang='lat' dir='ltr'><strong>ta,</strong></span> <span class='ocrx_word' id='word_1_136' title='bbox 237 1339 332 1382; x_wconf 81' lang='lat' dir='ltr'><strong>quae</strong></span> <span class='ocrx_word' id='word_1_137' title='bbox 349 1327 463 1367; x_wconf 86' lang='lat' dir='ltr'><strong>vnice</strong></span> <span class='ocrx_word' id='word_1_138' title='bbox 481 1327 668 1379; x_wconf 87' lang='lat' dir='ltr'><strong>exprimit</strong></span> <span class='ocrx_word' id='word_1_139' title='bbox 687 1325 852 1367; x_wconf 82' lang='lat' dir='ltr'><strong>calorem</strong></span> <span class='ocrx_word' id='word_1_140' title='bbox 862 1326 981 1366; x_wconf 87' lang='lat' dir='ltr'><strong>mixti</strong></span> <span class='ocrx_word' id='word_1_141' title='bbox 1000 1335 1133 1367; x_wconf 91' lang='lat' dir='ltr'><strong>ortum</strong></span> <span class='ocrx_word' id='word_1_142' title='bbox 1151 1338 1201 1367; x_wconf 85' lang='lat' dir='ltr'><strong>ex</strong></span> <span class='ocrx_word' id='word_1_143' title='bbox 1210 1326 1396 1368; x_wconf 85' lang='lat' dir='ltr'><strong>caloribus</strong></span> <span class='ocrx_word' id='word_1_144' title='bbox 1403 1338 1498 1368; x_wconf 86' lang='lat' dir='ltr'><strong>om·</strong></span> 
     </span>
     <span class='ocr_line' id='line_1_19' title="bbox 167 1390 1499 1444; baseline 0 -12"><span class='ocrx_word' id='word_1_145' title='bbox 167 1392 276 1432; x_wconf 89' lang='lat' dir='ltr'><strong>nium</strong></span> <span class='ocrx_word' id='word_1_146' title='bbox 294 1390 589 1444; x_wconf 87' lang='lat' dir='ltr'><strong>ingredientium</strong></span> <span class='ocrx_word' id='word_1_147' title='bbox 608 1390 810 1431; x_wconf 86' lang='lat' dir='ltr'><strong>distributis</strong></span> <span class='ocrx_word' id='word_1_148' title='bbox 819 1403 889 1444; x_wconf 90' lang='lat' dir='ltr'><strong>per</strong></span> <span class='ocrx_word' id='word_1_149' title='bbox 898 1390 1075 1432; x_wconf 92' lang='lat' dir='ltr'><strong>omnium</strong></span> <span class='ocrx_word' id='word_1_150' title='bbox 1084 1391 1381 1444; x_wconf 87' lang='lat' dir='ltr'><strong>ingredientium</strong></span> <span class='ocrx_word' id='word_1_151' title='bbox 1398 1392 1499 1434; x_wconf 77' lang='lat' dir='ltr'><strong>mai-</strong></span> 
     </span>
     <span class='ocr_line' id='line_1_20' title="bbox 167 1450 1500 1509; baseline 0.001 -12"><span class='ocrx_word' id='word_1_152' title='bbox 167 1457 219 1497; x_wconf 83' lang='lat' dir='ltr'><strong>sas</strong></span> <span class='ocrx_word' id='word_1_153' title='bbox 246 1455 460 1509; x_wconf 84' lang='lat' dir='ltr'><strong>aequaliter.</strong></span> <span class='ocrx_word' id='word_1_154' title='bbox 499 1450 601 1495; x_wconf 91' lang='lat' dir='ltr'><strong>Cum</strong></span> <span class='ocrx_word' id='word_1_155' title='bbox 628 1456 732 1496; x_wconf 89' lang='lat' dir='ltr'><strong>enim</strong></span> <span class='ocrx_word' id='word_1_156' title='bbox 766 1454 872 1495; x_wconf 83' lang='lat' dir='ltr'><strong>calor</strong></span> <span class='ocrx_word' id='word_1_157' title='bbox 897 1455 1014 1496; x_wconf 81' lang='lat' dir='ltr'><strong>etiam</strong></span> <span class='ocrx_word' id='word_1_158' title='bbox 1041 1455 1328 1497; x_wconf 82' lang='lat' dir='ltr'><strong>thennometro</strong></span> <span class='ocrx_word' id='word_1_159' title='bbox 1353 1464 1393 1496; x_wconf 91' lang='lat' dir='ltr'><strong>et</strong></span> <span class='ocrx_word' id='word_1_160' title='bbox 1417 1454 1500 1498; x_wconf 81' lang='lat' dir='ltr'><strong>vafi</strong></span> 
     </span>
     <span class='ocr_line' id='line_1_21' title="bbox 168 1510 1499 1574; baseline -0.001 -13"><span class='ocrx_word' id='word_1_161' title='bbox 168 1520 478 1562; x_wconf 82' lang='lat' dir='ltr'><strong>communicatur</strong></span> <span class='ocrx_word' id='word_1_162' title='bbox 496 1528 534 1559; x_wconf 89' lang='lat' dir='ltr'><strong>et</strong></span> <span class='ocrx_word' id='word_1_163' title='bbox 559 1531 629 1572; x_wconf 89' lang='lat' dir='ltr'><strong>per</strong></span> <span class='ocrx_word' id='word_1_164' title='bbox 655 1519 719 1559; x_wconf 78' lang='lat' dir='ltr'><strong>illa</strong></span> <span class='ocrx_word' id='word_1_165' title='bbox 745 1518 996 1572; x_wconf 85' lang='lat' dir='ltr'><strong>distribuitur,</strong></span> <span class='ocrx_word' id='word_1_166' title='bbox 1023 1518 1118 1560; x_wconf 88' lang='lat' dir='ltr'><strong>licet</strong></span> <span class='ocrx_word' id='word_1_167' title='bbox 1134 1532 1216 1561; x_wconf 91' lang='lat' dir='ltr'><strong>non</strong></span> <span class='ocrx_word' id='word_1_168' title='bbox 1234 1510 1381 1562; x_wconf 82' lang='lat' dir='ltr'><strong>mixtio</strong></span> <span class='ocrx_word' id='word_1_169' title='bbox 1397 1518 1469 1561; x_wconf 87' lang='lat' dir='ltr'><strong>fiat</strong></span> <span class='ocrx_word' id='word_1_170' title='bbox 1483 1552 1499 1574; x_wconf 84' lang='lat'>,</span> 
     </span>
     <span class='ocr_line' id='line_1_22' title="bbox 169 1581 1502 1639; baseline 0 -13"><span class='ocrx_word' id='word_1_171' title='bbox 169 1581 285 1626; x_wconf 81' lang='lat' dir='ltr'><strong>maffa</strong></span> <span class='ocrx_word' id='word_1_172' title='bbox 305 1585 420 1624; x_wconf 80' lang='lat' dir='ltr'><strong>ctiam</strong></span> <span class='ocrx_word' id='word_1_173' title='bbox 446 1582 722 1623; x_wconf 86' lang='lat' dir='ltr'><strong>thermometri</strong></span> <span class='ocrx_word' id='word_1_174' title='bbox 746 1591 786 1624; x_wconf 89' lang='lat' dir='ltr'><strong>et</strong></span> <span class='ocrx_word' id='word_1_175' title='bbox 810 1582 905 1624; x_wconf 81' lang='lat' dir='ltr'><strong>vafis</strong></span> <span class='ocrx_word' id='word_1_176' title='bbox 926 1583 967 1623; x_wconf 91' lang='lat' dir='ltr'><strong>in</strong></span> <span class='ocrx_word' id='word_1_177' title='bbox 994 1583 1156 1625; x_wconf 75' lang='lat' dir='ltr'><strong>formula</strong></span> <span class='ocrx_word' id='word_1_178' title='bbox 1173 1584 1227 1625; x_wconf 91' lang='lat' dir='ltr'><strong>est</strong></span> <span class='ocrx_word' id='word_1_179' title='bbox 1245 1584 1502 1639; x_wconf 82' lang='lat' dir='ltr'><strong>exprimenda</strong></span> 
     </span>
     <span class='ocr_line' id='line_1_23' title="bbox 172 1645 1501 1704; baseline 0.001 -14"><span class='ocrx_word' id='word_1_180' title='bbox 172 1658 211 1690; x_wconf 93' lang='lat' dir='ltr'><strong>et</strong></span> <span class='ocrx_word' id='word_1_181' title='bbox 230 1648 356 1702; x_wconf 79' lang='lat' dir='ltr'><strong>posito</strong></span> <span class='ocrx_word' id='word_1_182' title='bbox 375 1660 445 1702; x_wconf 87' lang='lat' dir='ltr'><strong>per</strong></span> <span class='ocrx_word' id='word_1_183' title='bbox 463 1645 621 1688; x_wconf 75' lang='lat' dir='ltr'><strong>massam</strong></span> <span class='ocrx_word' id='word_1_184' title='bbox 640 1648 736 1688; x_wconf 82' lang='lat' dir='ltr'><strong>vafis</strong></span> <span class='ocrx_word' id='word_1_185' title='bbox 753 1657 793 1688; x_wconf 90' lang='lat' dir='ltr'><strong>et</strong></span> <span class='ocrx_word' id='word_1_186' title='bbox 810 1647 1140 1690; x_wconf 83' lang='lat' dir='ltr'><strong>thermornetrum</strong></span> <span class='ocrx_word' id='word_1_187' title='bbox 1159 1649 1277 1690; x_wconf 80' lang='lat' dir='ltr'><strong>etiam</strong></span> <span class='ocrx_word' id='word_1_188' title='bbox 1295 1648 1501 1704; x_wconf 83' lang='lat' dir='ltr'><strong>aequaliter</strong></span> 
     </span>
     <span class='ocr_line' id='line_1_24' title="bbox 172 1710 1503 1767; baseline 0.002 -14"><span class='ocrx_word' id='word_1_189' title='bbox 172 1712 340 1754; x_wconf 88' lang='lat' dir='ltr'><strong>distribui</strong></span> <span class='ocrx_word' id='word_1_190' title='bbox 385 1711 528 1752; x_wconf 81' lang='lat' dir='ltr'><strong>calores</strong></span> <span class='ocrx_word' id='word_1_191' title='bbox 546 1745 556 1764; x_wconf 84' lang='lat'>,</span> <span class='ocrx_word' id='word_1_192' title='bbox 598 1712 671 1752; x_wconf 88' lang='lat' dir='ltr'><strong>erit</strong></span> <span class='ocrx_word' id='word_1_193' title='bbox 687 1746 698 1764; x_wconf 87' lang='lat'>,</span> <span class='ocrx_word' id='word_1_194' title='bbox 733 1712 864 1767; x_wconf 82' lang='lat' dir='ltr'><strong>positis</strong></span> <span class='ocrx_word' id='word_1_195' title='bbox 901 1721 948 1753; x_wconf 88' lang='lat' dir='ltr'><strong>vt</strong></span> <span class='ocrx_word' id='word_1_196' title='bbox 978 1712 1088 1767; x_wconf 88' lang='lat' dir='ltr'><strong>supra</strong></span> <span class='ocrx_word' id='word_1_197' title='bbox 1121 1710 1241 1754; x_wconf 80' lang='lat' dir='ltr'><strong>mass&#39;a</strong></span> <span class='ocrx_word' id='word_1_198' title='bbox 1272 1726 1351 1755; x_wconf 84' lang='lat' dir='ltr'><strong>vna</strong></span> <span class='ocrx_word' id='word_1_199' title='bbox 1383 1727 1442 1757; x_wconf 72' lang='lat' dir='ltr'><strong>z:</strong></span> <span class='ocrx_word' id='word_1_200' title='bbox 1473 1724 1503 1755; x_wconf 81' lang='lat' dir='ltr'><em>a</em></span> 
     </span>
     <span class='ocr_line' id='line_1_25' title="bbox 174 1774 1503 1830; baseline 0 -12"><span class='ocrx_word' id='word_1_201' title='bbox 174 1774 293 1819; x_wconf 79' lang='lat' dir='ltr'><strong>maffa</strong></span> <span class='ocrx_word' id='word_1_202' title='bbox 326 1776 441 1816; x_wconf 81' lang='lat' dir='ltr'><strong>altera</strong></span> <span class='ocrx_word' id='word_1_203' title='bbox 475 1789 529 1814; x_wconf 68' lang='lat' dir='ltr'><strong><em>z</em></strong></span> <span class='ocrx_word' id='word_1_204' title='bbox 547 1776 570 1816; x_wconf 87' lang='lat' dir='ltr'><strong>b</strong></span> <span class='ocrx_word' id='word_1_205' title='bbox 609 1774 729 1818; x_wconf 79' lang='lat' dir='ltr'><strong>maffa</strong></span> <span class='ocrx_word' id='word_1_206' title='bbox 772 1776 1050 1819; x_wconf 87' lang='lat' dir='ltr'><strong>thermometri</strong></span> <span class='ocrx_word' id='word_1_207' title='bbox 1084 1790 1141 1818; x_wconf 69' lang='lat'><strong>:5</strong></span> <span class='ocrx_word' id='word_1_208' title='bbox 1158 1792 1179 1819; x_wconf 85' lang='lat' dir='ltr'><strong>c</strong></span> <span class='ocrx_word' id='word_1_209' title='bbox 1197 1811 1208 1830; x_wconf 89' lang='lat'>,</span> <span class='ocrx_word' id='word_1_210' title='bbox 1243 1775 1363 1819; x_wconf 75' lang='lat' dir='ltr'><strong>massa</strong></span> <span class='ocrx_word' id='word_1_211' title='bbox 1403 1775 1503 1820; x_wconf 82' lang='lat' dir='ltr'><strong>vasis</strong></span> 
     </span>
     <span class='ocr_line' id='line_1_26' title="bbox 176 1837 1503 1896; baseline 0.002 -15"><span class='ocrx_word' id='word_1_212' title='bbox 176 1855 231 1884; x_wconf 60' lang='grc' dir='ltr'><strong>,ἶ</strong></span> <span class='ocrx_word' id='word_1_213' title='bbox 250 1840 303 1892; x_wconf 79' lang='lat' dir='ltr'><strong>d,</strong></span> <span class='ocrx_word' id='word_1_214' title='bbox 338 1839 467 1879; x_wconf 76' lang='lat' dir='ltr'><strong>calore</strong></span> <span class='ocrx_word' id='word_1_215' title='bbox 509 1837 650 1880; x_wconf 72' lang='lat' dir='ltr'><strong>massae</strong></span> <span class='ocrx_word' id='word_1_216' title='bbox 690 1854 746 1894; x_wconf 83' lang='lat' dir='ltr'><strong>a,</strong></span> <span class='ocrx_word' id='word_1_217' title='bbox 780 1855 890 1883; x_wconf 72' lang='lat' dir='ltr'><strong>:m</strong></span> <span class='ocrx_word' id='word_1_218' title='bbox 908 1875 920 1894; x_wconf 77' lang='lat'>,</span> <span class='ocrx_word' id='word_1_219' title='bbox 954 1841 1085 1883; x_wconf 84' lang='lat' dir='ltr'><strong>calore</strong></span> <span class='ocrx_word' id='word_1_220' title='bbox 1115 1838 1257 1882; x_wconf 79' lang='lat' dir='ltr'><strong>massae</strong></span> <span class='ocrx_word' id='word_1_221' title='bbox 1289 1843 1339 1895; x_wconf 91' lang='lat' dir='ltr'><strong>b,</strong></span> <span class='ocrx_word' id='word_1_222' title='bbox 1373 1855 1472 1884; x_wconf 75' lang='lat' dir='ltr'><strong>:n</strong></span> <span class='ocrx_word' id='word_1_223' title='bbox 1490 1875 1503 1896; x_wconf 91' lang='lat'>,</span> 
     </span>
     <span class='ocr_line' id='line_1_27' title="bbox 178 1903 1506 1961; baseline 0.002 -15"><span class='ocrx_word' id='word_1_224' title='bbox 178 1903 317 1946; x_wconf 80' lang='lat' dir='ltr'><strong>maffae</strong></span> <span class='ocrx_word' id='word_1_225' title='bbox 358 1918 378 1945; x_wconf 86' lang='grc' dir='ltr'><strong>ι·</strong></span> <span class='ocrx_word' id='word_1_226' title='bbox 407 1937 417 1955; x_wconf 79' lang='lat'>,</span> <span class='ocrx_word' id='word_1_227' title='bbox 462 1917 515 1944; x_wconf 62' lang='grc' dir='ltr'>ἶ</span> <span class='ocrx_word' id='word_1_228' title='bbox 534 1915 553 1944; x_wconf 87' lang='lat'><strong><em>0</em></strong></span> <span class='ocrx_word' id='word_1_229' title='bbox 571 1937 581 1956; x_wconf 86' lang='lat'>,</span> <span class='ocrx_word' id='word_1_230' title='bbox 631 1904 772 1946; x_wconf 79' lang='lat' dir='ltr'><strong>massae</strong></span> <span class='ocrx_word' id='word_1_231' title='bbox 813 1907 842 1946; x_wconf 84' lang='lat' dir='ltr'><strong>d</strong></span> <span class='ocrx_word' id='word_1_232' title='bbox 857 1939 867 1958; x_wconf 83' lang='lat'>‚</span> <span class='ocrx_word' id='word_1_233' title='bbox 910 1918 967 1946; x_wconf 72' lang='lat' dir='ltr'><strong>:z</strong></span> <span class='ocrx_word' id='word_1_234' title='bbox 1002 1914 1033 1961; x_wconf 83' lang='lat' dir='ltr'><strong>p</strong></span> <span class='ocrx_word' id='word_1_235' title='bbox 1049 1938 1061 1958; x_wconf 88' lang='lat'>,</span> <span class='ocrx_word' id='word_1_236' title='bbox 1101 1906 1250 1947; x_wconf 85' lang='lat' dir='ltr'><strong>summa</strong></span> <span class='ocrx_word' id='word_1_237' title='bbox 1302 1905 1473 1948; x_wconf 83' lang='lat' dir='ltr'><strong>calorum</strong></span> <span class='ocrx_word' id='word_1_238' title='bbox 1491 1939 1506 1960; x_wconf 87' lang='lat'>‚</span> 
     </span>
    </p>
   </div>
   <div class='ocr_carea' id='block_1_5' title="bbox 178 1967 1509 2101">
    <p class='ocr_par' dir='ltr' id='par_1_6' title="bbox 178 1967 1509 2101">
     <span class='ocr_line' id='line_1_28' title="bbox 178 1967 1508 2024; baseline 0.002 -15"><span class='ocrx_word' id='word_1_239' title='bbox 178 1980 301 2021; x_wconf 82' lang='lat' dir='ltr'><strong>m,n,0</strong></span> <span class='ocrx_word' id='word_1_240' title='bbox 313 2001 322 2018; x_wconf 77' lang='lat'>‚</span> <span class='ocrx_word' id='word_1_241' title='bbox 338 1976 383 2022; x_wconf 81' lang='lat' dir='ltr'><strong>p,</strong></span> <span class='ocrx_word' id='word_1_242' title='bbox 413 1967 698 2011; x_wconf 85' lang='lat' dir='ltr'><strong>distributorum</strong></span> <span class='ocrx_word' id='word_1_243' title='bbox 716 1981 786 2024; x_wconf 91' lang='lat' dir='ltr'><strong>per</strong></span> <span class='ocrx_word' id='word_1_244' title='bbox 804 1970 995 2010; x_wconf 85' lang='lat' dir='ltr'><strong>summam</strong></span> <span class='ocrx_word' id='word_1_245' title='bbox 1014 1968 1221 2011; x_wconf 72' lang='lat' dir='ltr'><strong>massarum</strong></span> <span class='ocrx_word' id='word_1_246' title='bbox 1245 1981 1292 2023; x_wconf 80' lang='lat' dir='ltr'><strong>a,</strong></span> <span class='ocrx_word' id='word_1_247' title='bbox 1308 1970 1430 2024; x_wconf 84' lang='lat' dir='ltr'><strong>b,c‚d‚</strong></span> <span class='ocrx_word' id='word_1_248' title='bbox 1448 1983 1508 2012; x_wconf 67' lang='lat' dir='ltr'><strong><em>z</em></strong></span> 
     </span>
     <span class='ocr_line' id='line_1_29' title="bbox 178 2025 1509 2101; baseline 0.004 -19"><span class='ocrx_word' id='word_1_249' title='bbox 178 2025 518 2101; x_wconf 44' lang='grc' dir='ltr'><strong>αῗζῗᾘᾞψῖ.</strong></span> <span class='ocrx_word' id='word_1_250' title='bbox 531 2044 662 2097; x_wconf 83' lang='lat' dir='ltr'><strong>gradui</strong></span> <span class='ocrx_word' id='word_1_251' title='bbox 680 2044 831 2096; x_wconf 83' lang='lat' dir='ltr'><strong>caloris,</strong></span> <span class='ocrx_word' id='word_1_252' title='bbox 849 2057 963 2098; x_wconf 85' lang='lat' dir='ltr'><strong>quem</strong></span> <span class='ocrx_word' id='word_1_253' title='bbox 973 2043 1302 2086; x_wconf 78' lang='lat' dir='ltr'><strong>thermometrum</strong></span> <span class='ocrx_word' id='word_1_254' title='bbox 1312 2046 1509 2088; x_wconf 83' lang='lat' dir='ltr'><strong>ostendere</strong></span> 
     </span>
    </p>
   </div>
   <div class='ocr_carea' id='block_1_6' title="bbox 182 2107 1508 2229">
    <p class='ocr_par' dir='ltr' id='par_1_7' title="bbox 182 2107 1508 2229">
     <span class='ocr_line' id='line_1_30' title="bbox 182 2107 1508 2164; baseline -0.001 -13"><span class='ocrx_word' id='word_1_255' title='bbox 182 2110 297 2151; x_wconf 87' lang='lat' dir='ltr'><strong>debet</strong></span> <span class='ocrx_word' id='word_1_256' title='bbox 318 2141 329 2160; x_wconf 84' lang='lat'>‚</span> <span class='ocrx_word' id='word_1_257' title='bbox 363 2107 391 2148; x_wconf 87' lang='lat' dir='ltr'>fi</span> <span class='ocrx_word' id='word_1_258' title='bbox 422 2107 552 2149; x_wconf 82' lang='lat' dir='ltr'><strong>mixto</strong></span> <span class='ocrx_word' id='word_1_259' title='bbox 587 2110 830 2164; x_wconf 87' lang='lat' dir='ltr'><strong>immergitur</strong></span> <span class='ocrx_word' id='word_1_260' title='bbox 849 2141 860 2160; x_wconf 82' lang='lat'>‚</span> <span class='ocrx_word' id='word_1_261' title='bbox 901 2121 1017 2151; x_wconf 85' lang='lat' dir='ltr'><strong>verus</strong></span> <span class='ocrx_word' id='word_1_262' title='bbox 1047 2119 1178 2153; x_wconf 73' lang='lat' dir='ltr'><strong>autem</strong></span> <span class='ocrx_word' id='word_1_263' title='bbox 1219 2110 1340 2154; x_wconf 80' lang='lat' dir='ltr'><strong>mixti</strong></span> <span class='ocrx_word' id='word_1_264' title='bbox 1372 2111 1479 2152; x_wconf 78' lang='lat' dir='ltr'><strong>calor</strong></span> <span class='ocrx_word' id='word_1_265' title='bbox 1494 2143 1508 2163; x_wconf 90' lang='lat'>‚</span> 
     </span>
     <span class='ocr_line' id='line_1_31' title="bbox 827 2172 1505 2229; baseline 0.006 -17"><span class='ocrx_word' id='word_1_266' title='bbox 827 2172 866 2213; x_wconf 92' lang='lat' dir='ltr'>V</span> <span class='ocrx_word' id='word_1_267' title='bbox 902 2186 926 2212; x_wconf 86' lang='lat'><em>2</em></span> <span class='ocrx_word' id='word_1_268' title='bbox 1438 2174 1505 2229; x_wconf 77' lang='lat' dir='ltr'><strong>qui</strong></span> 
     </span>
    </p>
   </div>
   <div class='ocr_carea' id='block_1_7' title="bbox 329 2061 455 2065">
    <p class='ocr_par' dir='ltr' id='par_1_8' title="bbox 329 2061 455 2065">
     <span class='ocr_line' id='line_1_32' title="bbox 329 2061 455 2065; baseline 0 0"><span class='ocrx_word' id='word_1_269' title='bbox 329 2061 455 2065; x_wconf 95' lang='lat' dir='ltr'><strong> </strong></span> 
     </span>
    </p>
   </div>
   <div class='ocr_carea' id='block_1_8' title="bbox 177 2064 317 2072">
    <p class='ocr_par' dir='ltr' id='par_1_9' title="bbox 177 2064 317 2072">
     <span class='ocr_line' id='line_1_33' title="bbox 177 2064 317 2072; baseline 0 434"><span class='ocrx_word' id='word_1_270' title='bbox 177 2064 317 2072; x_wconf 95' lang='lat' dir='ltr'><strong> </strong></span> 
     </span>
    </p>
   </div>
  </div>
 </body>
</html>
