1820 2506
695 166 726 227 >(
759 173 814 220 6⁵
849 167 883 227 )<

139 283 260 327 horto
299 280 537 325 Academico
585 281 767 324 botanico
809 293 831 322 e
863 279 1067 324 seminibus
1105 280 1152 323 ad
1193 280 1448 326 Academiam

141 347 258 388 miffis
276 380 286 400 ‚
318 348 529 389 floruerunt
549 380 559 400 ,
595 347 841 401 Perficariam
874 346 1012 387 scilicet
1037 379 1049 398 ‚
1081 345 1251 388 Saluiam
1277 380 1288 399 ‚
1325 347 1451 388 Luna*

142 413 242 453 riam
282 421 322 451 et
364 408 601 453 Thalfflrum
620 444 631 463 ,
687 409 913 464 copioseque
960 410 1129 451 recenset
1155 442 1166 462 ‚
1216 423 1310 464 quae
1351 412 1451 452 circa

143 477 428 529 vegetationem
462 475 689 529 singularum
722 474 975 516 obseruauerit
991 508 1003 528 ,
1036 486 1132 529 quae
1163 474 1202 516 in
1219 475 1299 529 ipsa
1323 473 1450 516 differ-

139 540 282 580 tatione
320 539 520 593 relegenda
550 540 643 580 sunt.

269 624 385 681 Quod
416 623 463 664 ad
496 622 747 680 Persscariam
779 623 915 664 attinet
932 656 943 677 ‚
976 635 1047 665 nos
1078 635 1152 678 pro
1182 635 1296 665 more
1330 624 1452 666 breui·

136 691 194 729 ter
225 699 400 729 notamus
418 720 429 740 ‚
462 686 570 728 illam
605 687 958 742 septentrionalibus
991 687 1146 743 imperii
1178 685 1354 729 Sinarum
1389 701 1450 729 re·

138 751 310 806 giouibus
359 750 585 793 familiarem
652 750 730 792 effe
755 784 766 804 ,
810 751 1024 807 ibidemque
1071 753 1118 793 ad
1161 751 1448 793 conficiendum

138 815 362 856 coeruleum
395 818 638 869 pigmentum
651 849 661 868 ,
680 817 809 870 Indrgo
826 816 973 857 didtum
994 849 1005 869 ,
1038 817 1237 857 materiam
1254 816 1449 870 praebere,

132 879 172 919 id
205 880 309 933 quod
340 894 361 921 a
393 880 494 922 Rev.
530 878 710 933 Gaubilo,
728 880 963 921 Academiae
980 880 1129 920 nostrae
1160 880 1341 919 membro
1375 880 1450 920 ho-

131 943 306 995 norari0‚
341 942 510 985 didicisse
541 944 574 984 se
605 944 745 985 scribit.
812 943 935 984 Addit
969 955 1090 998 porro
1120 943 1315 984 rationem
1336 975 1348 996 ‚
1382 955 1451 984 cur

131 1019 217 1048 eam
257 1007 475 1049 Persicariae
507 1008 604 1049 soliis
636 1010 757 1050 ouatis
789 1008 925 1062 glabris
957 1008 1119 1049 nomine
1158 1007 1381 1048 sstlutauerit.

255 1089 323 1132 De
356 1090 491 1133 Saluia
531 1090 644 1131 refert
669 1124 680 1142 ‚
716 1103 802 1131 eam
844 1102 925 1131 non
965 1097 1115 1130 tanturn
1156 1087 1253 1130 soliis
1284 1088 1450 1130 cordatis

129 1153 258 1193 obtuse
291 1156 450 1195 crenatis
468 1188 479 1207 ,
512 1164 576 1195 aut
613 1154 722 1209 spicis
761 1154 905 1195 florum
944 1153 1161 1194 nutantibus
1187 1186 1199 1206 ,
1238 1152 1300 1192 sed
1333 1153 1448 1193 cauli-

131 1216 197 1256 bus
247 1219 400 1271 nudis,
451 1220 570 1260 ramis
618 1219 716 1260 cauli
766 1214 1052 1272 approximatis
1111 1226 1150 1257 et
1208 1216 1397 1272 parallelis
1432 1249 1446 1271 ,

128 1291 210 1320 non
241 1280 445 1322 difficulter
478 1295 499 1322 a
532 1281 802 1335 congeneribus
832 1281 1011 1334 distingui
1043 1277 1167 1334 poffe.

250 1351 317 1392 De
334 1352 449 1392 natali
468 1350 575 1392 huius
592 1352 744 1405 plantae
761 1352 854 1393 loco
882 1352 948 1393 fibi
967 1351 1124 1405 quidem
1143 1363 1219 1406 pro
1237 1361 1344 1393 certo
1363 1363 1445 1392 non

130 1415 299 1456 constare
331 1415 464 1456 fatetur
482 1447 493 1468 ,
526 1415 655 1455 auditu
689 1425 821 1456 tamen
856 1417 891 1455 le
926 1413 1136 1469 percepisse
1170 1415 1293 1456 scribit
1312 1448 1322 1468 ‚
1355 1428 1442 1456 eam

125 1491 148 1519 e
181 1479 382 1520 seminibus
423 1492 444 1519 a
486 1479 547 1522 Cl.
589 1478 751 1521 Gerbero
776 1512 787 1532 ‚
827 1478 974 1521 Florae·
1001 1478 1246 1520 Tanaicensis
1285 1480 1444 1521 auctore

124 1542 231 1584 lec‘tis
250 1576 261 1596 ‚
302 1552 554 1598 propagatam
574 1576 586 1596 ,
622 1543 786 1598 hincque
819 1543 1001 1585 credibile
1043 1535 1122 1584 esse
1153 1543 1263 1585 nasci·
1284 1553 1373 1585 earn
1399 1544 1441 1585 in

128 1607 383 1649 adiacentibus
415 1607 538 1649 Tanai
566 1608 799 1662 regionibus,

250 1672 460 1714 Lunarz‘am
493 1672 597 1726 quod
630 1672 775 1726 spectat
792 1705 804 1726 ‚
838 1672 1021 1727 quoniam
1057 1669 1237 1714 Stellerus
1268 1684 1357 1713 eam
1398 1672 1439 1713 in

126 1735 305 1777 America
354 1737 638 1790 septentrionali
679 1746 876 1778 maturum
923 1737 1003 1777 iarn
1043 1735 1220 1778 fructum*
1249 1737 1438 1777 fetentem

125 1799 256 1853 legerit
273 1832 284 1852 ,
324 1809 362 1840 et
396 1800 460 1841 sub
493 1801 654 1841 nomine
686 1800 846 1842 Leucoii
877 1801 1046 1842 saxatilis
1068 1801 1302 1856 ‘descriptam
1321 1801 1438 1842 dede-

122 1863 173 1903 rit
191 1896 202 1915 ,
243 1864 391 1905 idcirco
423 1865 554 1919 primo
594 1862 748 1906 Stelleri
782 1865 1076 1921 descriptionem
1107 1866 1195 1906 fistit
1215 1896 1227 1916 ‚
1266 1875 1352 1906 tum
1379 1865 1438 1905 su-

124 1938 189 1967 am
223 1928 367 1981 adiicit,
402 1929 545 1983 partim
578 1929 625 1970 ad
656 1928 902 1983 supplendam
936 1928 1083 1970 Stelleri
1121 1929 1434 1984 descriptionem,

127 1991 267 2044 partim
301 2001 345 2032 vt
386 2002 567 2047 appareat
595 2024 607 2046 ,
651 2002 837 2047 quantum
880 1994 1019 2034 diuersa
1051 1993 1118 2034 soli
1150 2003 1283 2034 natura
1313 2005 1437 2034 vnam

125 2055 363 2110 eandemque
404 2057 574 2112 plantam
615 2058 823 2100 immutare
862 2057 1018 2100 valeat:
1054 2058 1267 2102 Rationem
1300 2057 1438 2097 deinde

181 2139 183 2141 ·
788 2122 803 2164 i
1278 2120 1433 2171 reddit,
