1820 2506
318 137 399 181 DE
439 131 683 180 CALORIS
716 133 792 178 ET
823 132 1090 189 FRIG‘ORIS
1125 136 1316 184 CAVSA
1383 157 1467 193 223

151 265 216 297 aut
234 257 274 298 in
292 255 519 309 gelidiss‘uno
545 254 662 295 fundo
680 255 795 305 maris
815 250 880 312 (ἢ
899 256 1070 310 adeoque
1088 258 1197 298 iuxta
1215 256 1314 298 hanc
1340 259 1472 313 hypo-

152 320 304 371 thesim,
324 320 519 362 calorifica
537 320 697 360 materia
713 319 790 360 fere
809 320 960 375 prorsus
975 320 1188 374 deficiente,
1199 322 1322 375 puluis
1340 326 1472 377 pyrius

151 385 290 438 exigua
322 383 503 438 scintilla,
537 392 698 437 repente
737 394 826 425 nata
844 417 855 438 ,
890 385 1062 427 accensus
1101 386 1282 439 stupenda
1316 388 1471 429 flamma

146 449 271 490 subito
322 446 595 503 expandatur?
652 447 766 489 Vnde
805 460 844 490 et
885 463 958 504 qua
999 460 1080 491 tam
1120 451 1286 491 mirabili
1327 453 1470 494 virtute

146 513 259 566 ignea
313 513 376 554 illa
418 514 575 555 materia
615 522 823 561 momento
855 516 1044 568 temporis
1083 514 1356 557 contrahitur?
1391 517 1470 557 Ve-

147 589 235 618 rum
275 588 408 622 tamen
450 577 634 617 conuolet
676 589 720 616 ea
760 577 949 629 ocyffime
967 611 978 630 ,
1017 592 1240 633 quacunque
1280 580 1328 621 de
1366 580 1472 622 causa

148 641 187 681 id
220 641 287 682 fiat
307 675 318 694 ,
352 654 404 685 ex
433 639 693 681 remotiffimis
727 642 847 683 etiam
878 643 976 682 locis
1009 653 1049 683 et
1084 643 1283 697 puluerem
1309 646 1469 699 pyrium

146 698 348 758 accendat,
383 702 613 760 expandat?
647 703 723 745 Sed
740 714 826 753 tum
845 704 1040 748 necessum
1076 709 1148 748 erit
1167 740 1178 760 ‚
1214 718 1278 748 aut
1296 709 1365 749 alia
1383 723 1472 751 cor-

144 782 242 824 pora
291 769 402 815 illum
440 768 646 811 ambientia
687 769 890 810 aduolante
923 771 1012 825 igne
1046 772 1150 826 prius
1187 785 1302 826 quam
1345 774 1469 828 ipsum

143 832 307 877 calefieri
339 843 378 874 et
411 834 611 888 expandi,
645 842 709 881 aut
760 836 891 888 ignem
932 835 1040 876 illum
1099 836 1348 876 aduolantem
1399 850 1470 879 ex-

143 907 199 941 tra
232 898 431 952 puluerem
464 911 536 938 nec
567 896 771 938 calefacere
804 911 877 938 nec
912 899 1133 952 expandere
1159 899 1319 952 aliquid,
1355 901 1471 941 adeo-

144 975 219 1016 que
252 972 407 1004 naturae
430 963 522 1007 Vsuae
555 959 728 1002 obliuisci
761 960 956 1003 fatendum
992 963 1065 1002 erit
1083 995 1094 1014 ,
1131 975 1296 1016 quorum
1340 972 1470 1006 tamen

142 1027 245 1080 prius
262 1027 524 1081 experientiae
542 1059 553 1079 ,
584 1025 770 1081 posterius
795 1026 902 1067 sanae
919 1027 1060 1068 rationi
1094 1027 1323 1081 apertiffime
1355 1042 1470 1084 repu-

143 1100 245 1144 gnat.

295 1155 330 1202 §.
371 1165 441 1202 30.
478 1152 663 1194 Ceterum
697 1165 825 1194 rerum
843 1163 975 1194 natura
992 1155 1044 1194 ita
1075 1164 1299 1209 comparata
1317 1156 1392 1208 est,
1425 1165 1472 1197 vt

145 1218 248 1258 causa
267 1217 477 1270 crescente,
511 1218 625 1258 etiam
644 1216 801 1258 effeetus
819 1219 896 1258 eius
913 1227 1090 1271 augeatur
1110 1251 1121 1270 ,
1159 1228 1197 1259 et
1230 1229 1365 1259 contra
1410 1233 1474 1260 ea-

143 1281 234 1323 dem
287 1282 526 1323 decrescente
566 1281 723 1324 effectus
756 1294 910 1335 quoque
927 1283 1133 1323 minuatur.
1203 1283 1471 1339 Quamobrem

144 1345 212 1386 vbi
244 1346 284 1386 in
318 1346 464 1386 duobus
498 1347 727 1399 corporibus
756 1346 860 1386 idem
893 1346 1027 1399 gradus
1059 1346 1194 1388 caloris
1227 1348 1442 1389 obseruatur
1460 1383 1471 1402 ,

145 1417 252 1461 tum,
272 1412 405 1450 ceteris
425 1410 594 1464 paribus,
615 1411 735 1452 etiam
769 1410 874 1451 idem
908 1411 1143 1452 extensionis
1185 1412 1471 1454 incrementum

128 1482 209 1513 *aut
241 1474 532 1516 decrementum
566 1476 605 1514 in
637 1485 802 1527 vti-oque
835 1471 911 1514 effe
950 1475 1076 1515 debet.
1143 1476 1204 1515 At
1247 1486 1385 1530 quanta
1428 1477 1469 1518 in

143 1536 222 1578 hoc
256 1538 445 1580 diuersitas
485 1535 811 1591 deprehenditur!
886 1537 1088 1579 Praetereo
1120 1551 1279 1593 aerem,
1331 1542 1395 1594 qui
1446 1553 1470 1581 a

144 1602 261 1654 gradu
295 1602 575 1657 congelationis
608 1603 655 1643 ad
685 1601 957 1642 ebullitionem
990 1616 1108 1657 aquae
1138 1605 1248 1644 tertia
1281 1603 1332 1644 sui
1360 1614 1470 1658 parte

145 1667 392 1719 extenditur,
429 1680 518 1707 cum
553 1679 596 1707 ea
631 1668 788 1707 interjm
821 1678 898 1706 vna
931 1666 1114 1719 vigesima
1150 1667 1254 1708 sexta
1274 1677 1381 1721 parte
1406 1678 1468 1709 to-

144 1729 217 1769 tius
249 1730 459 1776 voluminis
490 1741 679 1783 augeatur.
747 1729 832 1784 Ipsa
866 1730 1034 1771 eiusdem
1052 1730 1127 1771 fere
1145 1730 1363 1785 liquiditatis
1380 1745 1469 1772 cor-

144 1804 242 1847 pora
259 1824 270 1844 ‚
303 1803 349 1833 Vt
382 1793 596 1834 Mercurius
615 1827 626 1846 ‚
659 1807 753 1849 aqua
772 1827 783 1846 ,
817 1794 965 1847 spiritus
997 1796 1110 1847 vini,
1146 1804 1186 1834 et
1219 1794 1303 1835 olea
1343 1796 1468 1836 diuer-

144 1857 179 1897 sa
200 1889 210 1908 ,
241 1857 337 1897 item
370 1867 410 1898 et
428 1857 562 1908 solida,
598 1868 642 1898 vt
673 1858 847 1909 metalla,
881 1859 1028 1899 vitrum
1062 1868 1136 1899 etc.
1172 1859 1315 1900 mirum
1349 1872 1468 1913 quan-

147 1931 228 1961 tum
263 1920 485 1962 discriminis
518 1921 659 1962 habent
692 1923 791 1962 inter
822 1923 1057 1963 extensionis
1082 1923 1321 1963 incrementa
1340 1924 1380 1962 in
1398 1935 1467 1963 eo-

146 1985 238 2026 dem
282 1985 397 2037 gradu
439 1986 575 2027 caloris
616 1985 804 2042 acquisita.
880 1985 948 2027 Ne
990 1985 1054 2027 hic
1095 1995 1226 2027 tamen
1275 1980 1467 2029 maiorem

1379 2063 1465 2105 paro

210 2128 251 2166 (*)
274 2128 427 2160 Bocxhaaue
454 2127 544 2160 Elem.
569 2129 669 2170 Chym.
692 2140 746 2171 par.
770 2140 801 2162 2.
832 2140 868 2161 ex
892 2129 1010 2162 Sindairi
1034 2137 1093 2161 ante
1111 2110 1243 2169 grauitatis
1268 2138 1297 2169 p.
1321 2139 1398 2169 3011„
