1820 2506
324 174 416 212 294
615 156 672 201 M
673 155 1009 204 ECHANICAE
1041 154 1350 203 COELESTIS

322 293 375 322 na
408 278 455 321 ad
486 273 512 319 S
548 274 603 333 (n.
643 277 684 334 3)
718 278 950 328 reflectetur.
1016 276 1166 319 Eadem
1198 279 1343 321 ratione
1374 276 1502 335 quauis
1520 277 1632 322 inter-

322 344 451 386 media
482 343 578 383 hora
610 344 732 384 radius
766 345 805 385 in
823 355 868 383 ea
898 341 1070 383 manebit
1101 341 1216 383 fixus.

465 407 498 456 ς.
541 417 581 455 5.
625 407 673 449 In
717 408 795 448 hoc
836 407 918 447 casu
937 439 948 460 ,
990 407 1078 460 quia
1118 406 1172 448 sol
1212 406 1278 448 vel
1310 405 1461 461 planeta
1493 407 1638 450 nullam

315 472 440 514 habet
472 470 769 513 declinationem
790 504 801 523 ‚
836 470 899 512 sed
931 471 972 511 in
1005 471 1087 526 ipso
1119 471 1328 513 horizonte
1346 481 1538 525 mouetur,
1555 473 1638 526 spe-

323 536 453 577 culum
495 537 536 576 in
577 536 648 578 situ
687 535 862 576 verticali
902 534 1197 576 horizontaliter
1229 536 1476 577 conuertitur.
1538 533 1640 577 Cum

322 613 421 642 vero
455 600 512 641 sol
543 600 611 641 vel
645 599 796 655 planeta
829 598 1003 640 habuerit
1036 599 1198 654 aliquam
1215 600 1513 641 declinationem
1533 599 1640 640 ideo-

323 678 400 720 que
434 675 474 706 et
506 663 748 705 altitudinem
781 663 889 718 supra
919 663 1167 706 horizontem
1186 698 1198 717 ‚
1231 674 1270 705 et
1304 673 1431 705 tamen
1449 664 1569 704 radius
1585 676 1645 704 re-

325 729 450 771 flexus
481 729 621 770 iterum
653 728 880 769 desideratur
909 728 1162 770 horizontalis
1180 762 1192 781 ,
1225 728 1419 783 speculum
1464 740 1544 768 non
1586 739 1642 768 re-

325 793 448 833 tinere
482 793 611 847 potest
644 792 753 834 fitum
774 793 999 833 verticalem
1017 825 1029 846 ,
1061 792 1124 834 sed
1149 793 1348 847 obliquam
1366 791 1553 833 obtinebit
1570 803 1646 846 po-

325 855 504 899 sitionem
521 891 532 910 ,
564 870 679 912 quam
697 857 820 898 statim
852 856 1200 898 determinabimus.

477 921 511 970 §.
548 924 590 960 6.
625 921 817 962 Ponamus
850 921 976 975 itaque
1009 920 1309 963 declinationem
1343 919 1420 962 effe
1453 920 1646 976 aequalem

284 1024 292 1035 ,
328 983 470 1038 angulo
503 997 564 1039 cg
582 983 610 1026 h
628 1018 639 1037 ,
675 985 798 1026 radius
830 983 915 1024 solis
934 1017 945 1037 ,
978 986 1043 1039 qui
1076 983 1186 1039 supra
1217 993 1392 1026 centrum
1426 999 1446 1026 c
1465 984 1651 1027 circulum

331 1049 510 1090 diurnum
551 1049 724 1090 describit
765 1049 836 1089 erit
868 1061 924 1088 :z
941 1046 970 1090 h
979 1062 1022 1102 g.
1090 1050 1198 1091 Haec
1231 1049 1331 1089 linea
1371 1061 1468 1089 vero
1508 1049 1562 1090 est
1594 1061 1651 1089 r:-

331 1113 474 1155 secanti
509 1112 637 1164 anguli
676 1111 939 1152 declinationis
969 1124 1027 1164 cg
1045 1111 1074 1153 h
1113 1113 1161 1152 ad
1199 1113 1349 1153 radium
1389 1126 1410 1153 c
1420 1126 1463 1165 g.
1539 1113 1651 1168 Quo-

333 1176 439 1218 niam
473 1174 570 1215 adeo
604 1187 673 1228 per
706 1173 967 1215 antecedentia
999 1174 1194 1229 speculum
1236 1175 1276 1215 in
1318 1175 1536 1229 peripheria
1577 1177 1652 1216 cir-

334 1238 424 1292 culi,
459 1238 645 1280 circulum
665 1236 754 1279 solis
784 1239 961 1279 diurnum
994 1239 1317 1293 repraesentantiS,
1345 1238 1656 1280 constituendum

337 1302 391 1344 est
409 1336 420 1356 ,
456 1303 626 1344 eleuetur
659 1301 851 1357 speculum
884 1302 931 1343 ad
965 1303 1204 1345 altitudinem
1238 1304 1427 1357 tangentis
1445 1304 1571 1358 anguli
1588 1304 1655 1345 de-

337 1368 558 1408 clinationis
590 1380 710 1421 vsque
741 1368 787 1408 ad
821 1380 848 1408 a
882 1366 1054 1410 distantia
1087 1380 1184 1409 vero
1219 1381 1245 1409 a
1263 1366 1292 1409 h
1323 1367 1392 1409 fiat
1431 1381 1488 1408 z
1528 1368 1656 1409 secan-

340 1432 370 1473 ti
401 1431 665 1472 declinationis
697 1430 764 1485 hg
783 1464 794 1484 ‚
829 1440 936 1485 patet
969 1442 1146 1473 centrum
1180 1430 1318 1486 speculi
1350 1433 1489 1473 iterum
1523 1431 1599 1473 esse
1617 1434 1658 1473 in

341 1495 561 1551 peripheria
579 1496 721 1548 circuli,
755 1495 862 1536 radio
895 1495 1054 1550 obliquo
1088 1495 1116 1538 h
1124 1510 1157 1550 g
1176 1509 1230 1537 -ἵ
1249 1495 1278 1538 h
1296 1509 1322 1537 a
1340 1496 1528 1551 descripti.
1562 1497 1656 1537 Por-

341 1571 389 1601 ro
414 1556 584 1613 'propter
616 1559 909 1612 parallelismum
944 1559 1129 1600 linearum
1162 1574 1188 1600 a
1207 1559 1237 1601 h
1269 1569 1309 1600 et
1340 1575 1401 1615 cg
1438 1560 1595 1614 angulus
1630 1571 1658 1601 a

343 1621 373 1666 h
383 1635 414 1676 g
445 1623 497 1663 est
530 1622 687 1675 angulus
718 1622 999 1676 complementi
1031 1624 1295 1664 declinationis
1335 1625 1382 1665 ad
1427 1631 1563 1678 18003
1599 1624 1657 1665 id-

346 1699 471 1741 eoque
490 1719 500 1739 ,
535 1686 622 1740 quia
653 1686 885 1740 triangulum
919 1699 945 1728 a
964 1686 992 1729 h
999 1701 1032 1741 g
1064 1700 1135 1742 per
1167 1688 1493 1730 construetionem
1519 1689 1572 1730 est
1597 1701 1658 1730 ae-

347 1752 565 1805 quicrurum
584 1783 594 1803 ,
628 1751 857 1803 angulorum
890 1764 916 1792 a
950 1761 988 1792 et
1010 1766 1044 1806 g
1078 1762 1238 1806 vterque
1279 1753 1350 1792 erit
1391 1767 1446 1793 z
1466 1760 1481 1784 Ξ
1520 1753 1661 1807 angulo

347 1813 611 1856 declinationis
641 1828 703 1868 cg
721 1814 748 1857 h
781 1825 820 1856 et
851 1813 916 1855 hic
958 1816 1011 1856 est
1052 1816 1206 1870 angulus
1246 1816 1499 1858 inclinationis
1537 1817 1663 1858 lineae

347 1878 669 1934 perpendicularis
701 1892 753 1920 ex
785 1888 920 1920 centro
957 1880 1096 1935 speculi
1136 1880 1271 1921 ductae
1309 1882 1356 1922 ad
1397 1880 1660 1923 horizontem.

352 1941 458 1984 Cum
488 1944 566 1984 iam
600 1942 654 1983 sol
687 1944 876 1985 continuo
906 1954 1108 1986 moueatur
1137 1945 1177 1985 in
1210 1945 1343 1985 eadem
1379 1944 1574 1986 altitudine
1606 1945 1661 1988 hc

351 2007 511 2059 angulus
541 2007 796 2049 inclinationis
826 2009 873 2050 ad
901 2009 1092 2063 speculum
1124 2009 1195 2049 erit
1227 2009 1388 2062 aequalis
1419 2011 1581 2051 dimidio
1598 2023 1660 2050 an-

352 2069 447 2125 gulo
465 2070 741 2128 declinationis3
761 2073 935 2129 ideoque,
953 2074 1038 2128 quia
1061 2073 1226 2128 angulus²
1247 2086 1361 2128 quem
1379 2072 1518 2117 faciunt
1543 2075 1665 2117 radius

1602 2139 1661 2180 in-
