<?xml version="1.0" encoding="UTF-8"?>
<!DOCTYPE html PUBLIC "-//W3C//DTD XHTML 1.0 Transitional//EN"
    "http://www.w3.org/TR/xhtml1/DTD/xhtml1-transitional.dtd">
<html xmlns="http://www.w3.org/1999/xhtml" xml:lang="en" lang="en">
 <head>
  <title>
</title>
<meta http-equiv="Content-Type" content="text/html;charset=utf-8" />
  <meta name='ocr-system' content='tesseract 3.04.00' />
  <meta name='ocr-capabilities' content='ocr_page ocr_carea ocr_par ocr_line ocrx_word'/>
</head>
<body>
  <div class='ocr_page' id='page_1' title='image "./novicommentariac01impe_0336.png"; bbox 0 0 1820 2506; ppageno 0'>
   <div class='ocr_carea' id='block_1_1' title="bbox 208 381 326 427">
    <p class='ocr_par' dir='ltr' id='par_1_1' title="bbox 208 381 326 427">
     <span class='ocr_line' id='line_1_1' title="bbox 208 381 326 427; baseline 0.008 -16"><span class='ocrx_word' id='word_1_1' title='bbox 208 381 269 427; x_wconf 50' lang='lat' dir='ltr'>frig.</span> <span class='ocrx_word' id='word_1_2' title='bbox 296 390 326 412; x_wconf 82' lang='lat'>2.</span> 
     </span>
    </p>
   </div>
   <div class='ocr_carea' id='block_1_2' title="bbox 211 421 327 463">
    <p class='ocr_par' dir='ltr' id='par_1_2' title="bbox 211 421 327 463">
     <span class='ocr_line' id='line_1_2' title="bbox 211 421 327 463; baseline 0.034 -14"><span class='ocrx_word' id='word_1_3' title='bbox 211 421 268 459; x_wconf 68' lang='lat' dir='ltr'>Fig.</span> <span class='ocrx_word' id='word_1_4' title='bbox 297 434 314 463; x_wconf 77' lang='lat'>3</span> <span class='ocrx_word' id='word_1_5' title='bbox 320 445 327 453; x_wconf 91' lang='lat'>.</span> 
     </span>
    </p>
   </div>
   <div class='ocr_carea' id='block_1_3' title="bbox 366 179 1366 236">
    <p class='ocr_par' dir='ltr' id='par_1_3' title="bbox 366 179 1366 236">
     <span class='ocr_line' id='line_1_3' title="bbox 366 179 1366 236; baseline 0.007 -9"><span class='ocrx_word' id='word_1_6' title='bbox 366 180 462 236; x_wconf 52' lang='grc' dir='ltr'>ἐἶρε</span> <span class='ocrx_word' id='word_1_7' title='bbox 687 179 1013 231; x_wconf 84' lang='grc' dir='ltr'><em>ΤΕΝΤΑΜΕΝ</em></span> <span class='ocrx_word' id='word_1_8' title='bbox 1047 180 1366 233; x_wconf 83' lang='lat' dir='ltr'>THEORIAM</span> 
     </span>
    </p>
   </div>
   <div class='ocr_carea' id='block_1_4' title="bbox 367 299 1691 744">
    <p class='ocr_par' dir='ltr' id='par_1_4' title="bbox 367 299 1691 744">
     <span class='ocr_line' id='line_1_4' title="bbox 370 299 1687 361; baseline 0.001 -16"><span class='ocrx_word' id='word_1_9' title='bbox 370 302 552 346; x_wconf 84' lang='lat' dir='ltr'>indicant.</span> <span class='ocrx_word' id='word_1_10' title='bbox 640 301 815 347; x_wconf 86' lang='lat' dir='ltr'>Durante</span> <span class='ocrx_word' id='word_1_11' title='bbox 867 307 1067 361; x_wconf 78' lang='lat' dir='ltr'>gyratorio</span> <span class='ocrx_word' id='word_1_12' title='bbox 1115 315 1224 349; x_wconf 88' lang='lat' dir='ltr'>mutu</span> <span class='ocrx_word' id='word_1_13' title='bbox 1251 340 1262 361; x_wconf 86' lang='lat'>‚</span> <span class='ocrx_word' id='word_1_14' title='bbox 1313 306 1462 347; x_wconf 79' lang='lat' dir='ltr'>decidat</span> <span class='ocrx_word' id='word_1_15' title='bbox 1511 305 1551 347; x_wconf 83' lang='lat' dir='ltr'>vi</span> <span class='ocrx_word' id='word_1_16' title='bbox 1603 299 1687 359; x_wconf 56' lang='lat' dir='ltr'>gra?</span> 
     </span>
     <span class='ocr_line' id='line_1_5' title="bbox 372 368 1686 426; baseline 0.001 -17"><span class='ocrx_word' id='word_1_17' title='bbox 372 370 498 409; x_wconf 84' lang='lat' dir='ltr'>vitatis</span> <span class='ocrx_word' id='word_1_18' title='bbox 559 377 708 410; x_wconf 86' lang='lat' dir='ltr'>atomus</span> <span class='ocrx_word' id='word_1_19' title='bbox 757 371 798 411; x_wconf 92' lang='lat' dir='ltr'><strong>A</strong></span> <span class='ocrx_word' id='word_1_20' title='bbox 856 369 965 426; x_wconf 84' lang='lat' dir='ltr'>super</span> <span class='ocrx_word' id='word_1_21' title='bbox 1024 382 1201 413; x_wconf 89' lang='lat' dir='ltr'>atomum</span> <span class='ocrx_word' id='word_1_22' title='bbox 1260 368 1327 424; x_wconf 77' lang='lat'>133</span> <span class='ocrx_word' id='word_1_23' title='bbox 1389 372 1429 410; x_wconf 90' lang='lat' dir='ltr'>in</span> <span class='ocrx_word' id='word_1_24' title='bbox 1484 370 1686 412; x_wconf 63' lang='lat' dir='ltr'>contraem</span> 
     </span>
     <span class='ocr_line' id='line_1_6' title="bbox 369 432 1683 490; baseline 0.002 -18"><span class='ocrx_word' id='word_1_25' title='bbox 369 432 652 487; x_wconf 80' lang='lat' dir='ltr'><strong>inaequalitates</strong></span> <span class='ocrx_word' id='word_1_26' title='bbox 685 435 908 476; x_wconf 86' lang='lat' dir='ltr'>coincident</span> <span class='ocrx_word' id='word_1_27' title='bbox 941 437 992 477; x_wconf 90' lang='lat' dir='ltr'>ita</span> <span class='ocrx_word' id='word_1_28' title='bbox 1008 469 1020 490; x_wconf 87' lang='lat'>‚</span> <span class='ocrx_word' id='word_1_29' title='bbox 1060 445 1106 477; x_wconf 79' lang='lat' dir='ltr'>vt</span> <span class='ocrx_word' id='word_1_30' title='bbox 1139 435 1205 477; x_wconf 85' lang='lat' dir='ltr'>vel</span> <span class='ocrx_word' id='word_1_31' title='bbox 1238 435 1500 489; x_wconf 87' lang='lat' dir='ltr'>prominentia</span> <span class='ocrx_word' id='word_1_32' title='bbox 1531 448 1558 476; x_wconf 86' lang='lat' dir='ltr'>a</span> <span class='ocrx_word' id='word_1_33' title='bbox 1602 443 1683 474; x_wconf 80' lang='lat' dir='ltr'>ato-</span> 
     </span>
     <span class='ocr_line' id='line_1_7' title="bbox 368 497 1688 553; baseline 0.001 -16"><span class='ocrx_word' id='word_1_34' title='bbox 368 498 425 537; x_wconf 89' lang='lat' dir='ltr'>mi</span> <span class='ocrx_word' id='word_1_35' title='bbox 457 497 500 538; x_wconf 88' lang='lat' dir='ltr'>A</span> <span class='ocrx_word' id='word_1_36' title='bbox 534 498 676 538; x_wconf 86' lang='lat' dir='ltr'>incidat</span> <span class='ocrx_word' id='word_1_37' title='bbox 709 499 749 538; x_wconf 90' lang='lat' dir='ltr'>in</span> <span class='ocrx_word' id='word_1_38' title='bbox 783 500 987 541; x_wconf 82' lang='lat' dir='ltr'>cauitatem</span> <span class='ocrx_word' id='word_1_39' title='bbox 1020 501 1044 542; x_wconf 89' lang='lat' dir='ltr'>b</span> <span class='ocrx_word' id='word_1_40' title='bbox 1074 501 1198 541; x_wconf 87' lang='lat' dir='ltr'>atomi</span> <span class='ocrx_word' id='word_1_41' title='bbox 1231 498 1298 553; x_wconf 86' lang='lat' dir='ltr'>B·,</span> <span class='ocrx_word' id='word_1_42' title='bbox 1334 507 1378 539; x_wconf 81' lang='lat' dir='ltr'>vt</span> <span class='ocrx_word' id='word_1_43' title='bbox 1411 498 1463 538; x_wconf 89' lang='lat' dir='ltr'>est</span> <span class='ocrx_word' id='word_1_44' title='bbox 1496 500 1535 539; x_wconf 90' lang='lat' dir='ltr'>in</span> <span class='ocrx_word' id='word_1_45' title='bbox 1567 498 1688 552; x_wconf 84' lang='lat' dir='ltr'>figura</span> 
     </span>
     <span class='ocr_line' id='line_1_8' title="bbox 373 559 1684 619; baseline 0.002 -19"><span class='ocrx_word' id='word_1_46' title='bbox 373 573 433 614; x_wconf 75' lang='lat'>23</span> <span class='ocrx_word' id='word_1_47' title='bbox 470 559 535 602; x_wconf 88' lang='lat' dir='ltr'>vel</span> <span class='ocrx_word' id='word_1_48' title='bbox 569 571 723 616; x_wconf 86' lang='lat' dir='ltr'>premat</span> <span class='ocrx_word' id='word_1_49' title='bbox 757 563 875 604; x_wconf 88' lang='lat' dir='ltr'>etiam</span> <span class='ocrx_word' id='word_1_50' title='bbox 911 565 1217 619; x_wconf 84' lang='lat' dir='ltr'>prominentiam</span> <span class='ocrx_word' id='word_1_51' title='bbox 1249 565 1279 606; x_wconf 84' lang='lat' dir='ltr'>d</span> <span class='ocrx_word' id='word_1_52' title='bbox 1309 563 1429 604; x_wconf 86' lang='lat' dir='ltr'>atomi</span> <span class='ocrx_word' id='word_1_53' title='bbox 1456 560 1492 602; x_wconf 92' lang='lat' dir='ltr'><strong>B</strong></span> <span class='ocrx_word' id='word_1_54' title='bbox 1509 595 1520 614; x_wconf 85' lang='lat'>‚</span> <span class='ocrx_word' id='word_1_55' title='bbox 1553 575 1684 617; x_wconf 86' lang='lat' dir='ltr'>qnem-</span> 
     </span>
     <span class='ocr_line' id='line_1_9' title="bbox 367 625 1691 683; baseline 0.001 -18"><span class='ocrx_word' id='word_1_56' title='bbox 367 625 580 666; x_wconf 86' lang='lat' dir='ltr'>admodum</span> <span class='ocrx_word' id='word_1_57' title='bbox 615 625 734 680; x_wconf 83' lang='lat' dir='ltr'>figura</span> <span class='ocrx_word' id='word_1_58' title='bbox 771 638 793 675; x_wconf 83' lang='lat'>3</span> <span class='ocrx_word' id='word_1_59' title='bbox 832 629 1096 683; x_wconf 83' lang='lat' dir='ltr'>repraesentat.</span> <span class='ocrx_word' id='word_1_60' title='bbox 1162 629 1209 670; x_wconf 91' lang='lat' dir='ltr'>In</span> <span class='ocrx_word' id='word_1_61' title='bbox 1250 627 1332 669; x_wconf 85' lang='lat' dir='ltr'>casu</span> <span class='ocrx_word' id='word_1_62' title='bbox 1372 627 1502 681; x_wconf 84' lang='lat' dir='ltr'>priore</span> <span class='ocrx_word' id='word_1_63' title='bbox 1541 626 1691 680; x_wconf 86' lang='lat' dir='ltr'>promi-</span> 
     </span>
     <span class='ocr_line' id='line_1_10' title="bbox 367 691 1689 744; baseline 0 -15"><span class='ocrx_word' id='word_1_64' title='bbox 367 691 498 730; x_wconf 79' lang='lat' dir='ltr'>nentia</span> <span class='ocrx_word' id='word_1_65' title='bbox 530 702 556 731; x_wconf 90' lang='lat' dir='ltr'>a</span> <span class='ocrx_word' id='word_1_66' title='bbox 588 692 711 731; x_wconf 82' lang='lat' dir='ltr'>atomi</span> <span class='ocrx_word' id='word_1_67' title='bbox 745 693 785 732; x_wconf 89' lang='lat' dir='ltr'><strong>A</strong></span> <span class='ocrx_word' id='word_1_68' title='bbox 820 705 872 733; x_wconf 88' lang='lat' dir='ltr'>ex</span> <span class='ocrx_word' id='word_1_69' title='bbox 906 695 1068 735; x_wconf 77' lang='lat' dir='ltr'>cauit-ate</span> <span class='ocrx_word' id='word_1_70' title='bbox 1102 694 1127 735; x_wconf 85' lang='lat' dir='ltr'>b</span> <span class='ocrx_word' id='word_1_71' title='bbox 1159 692 1343 734; x_wconf 84' lang='lat' dir='ltr'>ascensura</span> <span class='ocrx_word' id='word_1_72' title='bbox 1385 691 1689 744; x_wconf 85' lang='lat' dir='ltr'>prominentiam</span> 
     </span>
    </p>
   </div>
   <div class='ocr_carea' id='block_1_5' title="bbox 205 753 1690 812">
    <p class='ocr_par' dir='ltr' id='par_1_5' title="bbox 205 753 1690 812">
     <span class='ocr_line' id='line_1_11' title="bbox 205 753 1690 812; baseline 0 -19"><span class='ocrx_word' id='word_1_73' title='bbox 205 766 261 801; x_wconf 68' lang='lat' dir='ltr'>rig.</span> <span class='ocrx_word' id='word_1_74' title='bbox 285 773 316 802; x_wconf 80' lang='lat'>4.</span> <span class='ocrx_word' id='word_1_75' title='bbox 356 753 394 810; x_wconf 87' lang='lat' dir='ltr'><em>f</em></span> <span class='ocrx_word' id='word_1_76' title='bbox 416 753 589 808; x_wconf 86' lang='lat' dir='ltr'>superare</span> <span class='ocrx_word' id='word_1_77' title='bbox 625 755 758 809; x_wconf 86' lang='lat' dir='ltr'>debet,</span> <span class='ocrx_word' id='word_1_78' title='bbox 794 757 966 812; x_wconf 78' lang='lat' dir='ltr'>adeoque</span> <span class='ocrx_word' id='word_1_79' title='bbox 1001 758 1126 799; x_wconf 89' lang='lat' dir='ltr'>atomi</span> <span class='ocrx_word' id='word_1_80' title='bbox 1158 758 1199 798; x_wconf 90' lang='lat' dir='ltr'><strong>A</strong></span> <span class='ocrx_word' id='word_1_81' title='bbox 1232 767 1270 797; x_wconf 91' lang='lat' dir='ltr'>et</span> <span class='ocrx_word' id='word_1_82' title='bbox 1287 755 1321 796; x_wconf 89' lang='lat' dir='ltr'>B</span> <span class='ocrx_word' id='word_1_83' title='bbox 1346 768 1367 796; x_wconf 86' lang='lat' dir='ltr'>a</span> <span class='ocrx_word' id='word_1_84' title='bbox 1384 755 1419 795; x_wconf 80' lang='lat' dir='ltr'>ie</span> <span class='ocrx_word' id='word_1_85' title='bbox 1438 756 1606 796; x_wconf 88' lang='lat' dir='ltr'>inuicem</span> <span class='ocrx_word' id='word_1_86' title='bbox 1626 765 1690 794; x_wconf 89' lang='lat' dir='ltr'>re-</span> 
     </span>
    </p>
   </div>
   <div class='ocr_carea' id='block_1_6' title="bbox 365 818 1690 1071">
    <p class='ocr_par' dir='ltr' id='par_1_6' title="bbox 365 818 1690 1071">
     <span class='ocr_line' id='line_1_12' title="bbox 366 818 1688 877; baseline 0.001 -20"><span class='ocrx_word' id='word_1_87' title='bbox 366 819 506 859; x_wconf 85' lang='lat' dir='ltr'>cedent</span> <span class='ocrx_word' id='word_1_88' title='bbox 524 830 597 873; x_wconf 89' lang='lat' dir='ltr'>per</span> <span class='ocrx_word' id='word_1_89' title='bbox 615 820 803 861; x_wconf 82' lang='lat' dir='ltr'>distantias</span> <span class='ocrx_word' id='word_1_90' title='bbox 827 835 859 875; x_wconf 87' lang='lat' dir='ltr'><em>g</em></span> <span class='ocrx_word' id='word_1_91' title='bbox 859 822 897 877; x_wconf 90' lang='lat' dir='ltr'><em>f</em></span> <span class='ocrx_word' id='word_1_92' title='bbox 922 822 988 863; x_wconf 86' lang='lat' dir='ltr'>vel</span> <span class='ocrx_word' id='word_1_93' title='bbox 1006 836 1031 864; x_wconf 88' lang='lat' dir='ltr'><em>a</em></span> <span class='ocrx_word' id='word_1_94' title='bbox 1048 823 1072 864; x_wconf 91' lang='lat' dir='ltr'>b</span> <span class='ocrx_word' id='word_1_95' title='bbox 1091 856 1102 875; x_wconf 82' lang='lat'>,</span> <span class='ocrx_word' id='word_1_96' title='bbox 1136 834 1186 862; x_wconf 88' lang='lat' dir='ltr'>eo</span> <span class='ocrx_word' id='word_1_97' title='bbox 1204 818 1442 875; x_wconf 87' lang='lat' dir='ltr'>tempusculo</span> <span class='ocrx_word' id='word_1_98' title='bbox 1460 853 1471 872; x_wconf 84' lang='lat'>,</span> <span class='ocrx_word' id='word_1_99' title='bbox 1507 831 1585 874; x_wconf 93' lang='lat' dir='ltr'>quo</span> <span class='ocrx_word' id='word_1_100' title='bbox 1602 828 1688 858; x_wconf 89' lang='lat' dir='ltr'>ten-</span> 
     </span>
     <span class='ocr_line' id='line_1_13' title="bbox 367 881 1690 939; baseline 0.001 -17"><span class='ocrx_word' id='word_1_101' title='bbox 367 881 500 923; x_wconf 88' lang='lat' dir='ltr'>dentes</span> <span class='ocrx_word' id='word_1_102' title='bbox 532 885 737 925; x_wconf 86' lang='lat' dir='ltr'>secundum</span> <span class='ocrx_word' id='word_1_103' title='bbox 773 887 979 927; x_wconf 88' lang='lat' dir='ltr'>contrarias</span> <span class='ocrx_word' id='word_1_104' title='bbox 1019 887 1248 928; x_wconf 65' lang='lat' dir='ltr'>directiones</span> <span class='ocrx_word' id='word_1_105' title='bbox 1287 882 1499 939; x_wconf 87' lang='lat' dir='ltr'>superficies</span> <span class='ocrx_word' id='word_1_106' title='bbox 1538 893 1690 924; x_wconf 85' lang='lat' dir='ltr'>atomo-</span> 
     </span>
     <span class='ocr_line' id='line_1_14' title="bbox 365 945 1690 1004; baseline 0.002 -19"><span class='ocrx_word' id='word_1_107' title='bbox 365 958 450 986; x_wconf 84' lang='lat' dir='ltr'>rum</span> <span class='ocrx_word' id='word_1_108' title='bbox 469 946 509 986; x_wconf 87' lang='lat' dir='ltr'><strong>A</strong></span> <span class='ocrx_word' id='word_1_109' title='bbox 527 956 566 986; x_wconf 88' lang='lat' dir='ltr'>et</span> <span class='ocrx_word' id='word_1_110' title='bbox 585 945 620 986; x_wconf 90' lang='lat' dir='ltr'>B</span> <span class='ocrx_word' id='word_1_111' title='bbox 638 962 770 989; x_wconf 85' lang='lat' dir='ltr'>arcum</span> <span class='ocrx_word' id='word_1_112' title='bbox 780 963 812 1003; x_wconf 83' lang='lat' dir='ltr'><em>g</em></span> <span class='ocrx_word' id='word_1_113' title='bbox 829 963 854 990; x_wconf 86' lang='lat' dir='ltr'>a</span> <span class='ocrx_word' id='word_1_114' title='bbox 874 961 1112 1004; x_wconf 87' lang='lat' dir='ltr'>percurrunt.</span> <span class='ocrx_word' id='word_1_115' title='bbox 1151 951 1199 992; x_wconf 90' lang='lat' dir='ltr'>In</span> <span class='ocrx_word' id='word_1_116' title='bbox 1219 948 1302 991; x_wconf 78' lang='lat' dir='ltr'>casu</span> <span class='ocrx_word' id='word_1_117' title='bbox 1329 948 1542 1003; x_wconf 86' lang='lat' dir='ltr'>posteriore</span> <span class='ocrx_word' id='word_1_118' title='bbox 1567 947 1690 988; x_wconf 77' lang='lat' dir='ltr'>atomi</span> 
     </span>
     <span class='ocr_line' id='line_1_15' title="bbox 365 1009 1689 1071; baseline 0.001 -21"><span class='ocrx_word' id='word_1_119' title='bbox 365 1009 406 1050; x_wconf 90' lang='lat' dir='ltr'>in</span> <span class='ocrx_word' id='word_1_120' title='bbox 425 1011 605 1052; x_wconf 72' lang='lat' dir='ltr'>contaCtu</span> <span class='ocrx_word' id='word_1_121' title='bbox 624 1025 792 1067; x_wconf 88' lang='lat' dir='ltr'>eousque</span> <span class='ocrx_word' id='word_1_122' title='bbox 811 1014 918 1055; x_wconf 83' lang='lat' dir='ltr'>iuxta</span> <span class='ocrx_word' id='word_1_123' title='bbox 945 1015 981 1056; x_wconf 89' lang='lat' dir='ltr'>se</span> <span class='ocrx_word' id='word_1_124' title='bbox 999 1016 1214 1069; x_wconf 84' lang='lat' dir='ltr'>procedent</span> <span class='ocrx_word' id='word_1_125' title='bbox 1232 1052 1242 1071; x_wconf 72' lang='lat'>‚</span> <span class='ocrx_word' id='word_1_126' title='bbox 1278 1014 1401 1055; x_wconf 88' lang='lat' dir='ltr'>donec</span> <span class='ocrx_word' id='word_1_127' title='bbox 1429 1012 1689 1067; x_wconf 78' lang='lat' dir='ltr'>prominentia</span> 
     </span>
    </p>
   </div>
   <div class='ocr_carea' id='block_1_7' title="bbox 309 1075 1692 1120">
    <p class='ocr_par' dir='ltr' id='par_1_7' title="bbox 309 1075 1692 1120">
     <span class='ocr_line' id='line_1_16' title="bbox 309 1075 1692 1120; baseline -0.001 -4"><span class='ocrx_word' id='word_1_128' title='bbox 309 1109 318 1116; x_wconf 92' lang='lat'><strong>.</strong></span> <span class='ocrx_word' id='word_1_129' title='bbox 366 1086 394 1116; x_wconf 87' lang='lat' dir='ltr'><em>a</em></span> <span class='ocrx_word' id='word_1_130' title='bbox 413 1076 535 1116; x_wconf 88' lang='lat' dir='ltr'>atomi</span> <span class='ocrx_word' id='word_1_131' title='bbox 566 1076 605 1117; x_wconf 88' lang='lat' dir='ltr'><strong>A</strong></span> <span class='ocrx_word' id='word_1_132' title='bbox 639 1077 817 1118; x_wconf 86' lang='lat' dir='ltr'>inciderit</span> <span class='ocrx_word' id='word_1_133' title='bbox 850 1079 891 1118; x_wconf 93' lang='lat' dir='ltr'>in</span> <span class='ocrx_word' id='word_1_134' title='bbox 926 1080 1131 1120; x_wconf 87' lang='lat' dir='ltr'>cauitatem</span> <span class='ocrx_word' id='word_1_135' title='bbox 1147 1093 1168 1120; x_wconf 86' lang='lat' dir='ltr'>e</span> <span class='ocrx_word' id='word_1_136' title='bbox 1185 1080 1308 1119; x_wconf 86' lang='lat' dir='ltr'>atomi</span> <span class='ocrx_word' id='word_1_137' title='bbox 1335 1075 1382 1117; x_wconf 91' lang='lat' dir='ltr'>B.</span> <span class='ocrx_word' id='word_1_138' title='bbox 1449 1076 1604 1117; x_wconf 83' lang='lat' dir='ltr'>Deinde</span> <span class='ocrx_word' id='word_1_139' title='bbox 1622 1087 1692 1116; x_wconf 86' lang='lat' dir='ltr'>ve-</span> 
     </span>
    </p>
   </div>
   <div class='ocr_carea' id='block_1_8' title="bbox 359 1139 1691 2093">
    <p class='ocr_par' dir='ltr' id='par_1_8' title="bbox 363 1139 1621 1194">
     <span class='ocr_line' id='line_1_17' title="bbox 363 1139 1621 1194; baseline 0 -15"><span class='ocrx_word' id='word_1_140' title='bbox 363 1150 412 1179; x_wconf 87' lang='lat' dir='ltr'>ro</span> <span class='ocrx_word' id='word_1_141' title='bbox 446 1139 643 1192; x_wconf 88' lang='lat' dir='ltr'>sequentur</span> <span class='ocrx_word' id='word_1_142' title='bbox 676 1141 809 1180; x_wconf 86' lang='lat' dir='ltr'>omnia</span> <span class='ocrx_word' id='word_1_143' title='bbox 827 1173 839 1192; x_wconf 83' lang='lat'>,</span> <span class='ocrx_word' id='word_1_144' title='bbox 869 1155 968 1194; x_wconf 84' lang='lat' dir='ltr'>quae</span> <span class='ocrx_word' id='word_1_145' title='bbox 1001 1141 1088 1182; x_wconf 86' lang='lat' dir='ltr'>fieri</span> <span class='ocrx_word' id='word_1_146' title='bbox 1119 1143 1260 1182; x_wconf 90' lang='lat' dir='ltr'>debent</span> <span class='ocrx_word' id='word_1_147' title='bbox 1286 1143 1327 1181; x_wconf 91' lang='lat' dir='ltr'>in</span> <span class='ocrx_word' id='word_1_148' title='bbox 1359 1140 1443 1181; x_wconf 86' lang='lat' dir='ltr'>casu</span> <span class='ocrx_word' id='word_1_149' title='bbox 1479 1142 1621 1194; x_wconf 89' lang='lat' dir='ltr'>priore.</span> 
     </span>
    </p>

    <p class='ocr_par' dir='ltr' id='par_1_9' title="bbox 360 1202 1691 1835">
     <span class='ocr_line' id='line_1_18' title="bbox 513 1202 1690 1259; baseline 0.001 -17"><span class='ocrx_word' id='word_1_150' title='bbox 513 1203 548 1251; x_wconf 68' lang='lat'>§—</span> <span class='ocrx_word' id='word_1_151' title='bbox 592 1212 661 1252; x_wconf 89' lang='lat'>17.</span> <span class='ocrx_word' id='word_1_152' title='bbox 696 1204 768 1245; x_wconf 87' lang='lat' dir='ltr'>His</span> <span class='ocrx_word' id='word_1_153' title='bbox 802 1205 855 1244; x_wconf 89' lang='lat' dir='ltr'>ita</span> <span class='ocrx_word' id='word_1_154' title='bbox 888 1206 1120 1259; x_wconf 82' lang='lat' dir='ltr'>comparatis</span> <span class='ocrx_word' id='word_1_155' title='bbox 1152 1205 1275 1246; x_wconf 88' lang='lat' dir='ltr'>atomi</span> <span class='ocrx_word' id='word_1_156' title='bbox 1308 1205 1401 1244; x_wconf 84' lang='lat' dir='ltr'>aeris</span> <span class='ocrx_word' id='word_1_157' title='bbox 1419 1216 1507 1244; x_wconf 89' lang='lat' dir='ltr'>cum</span> <span class='ocrx_word' id='word_1_158' title='bbox 1524 1202 1690 1257; x_wconf 83' lang='lat' dir='ltr'>fingulae</span> 
     </span>
     <span class='ocr_line' id='line_1_19' title="bbox 363 1267 1691 1323; baseline 0.001 -17"><span class='ocrx_word' id='word_1_159' title='bbox 363 1267 436 1307; x_wconf 72' lang='lat' dir='ltr'>sint</span> <span class='ocrx_word' id='word_1_160' title='bbox 476 1278 610 1320; x_wconf 85' lang='lat' dir='ltr'>graues</span> <span class='ocrx_word' id='word_1_161' title='bbox 629 1301 640 1320; x_wconf 85' lang='lat'>,</span> <span class='ocrx_word' id='word_1_162' title='bbox 682 1269 725 1307; x_wconf 84' lang='lat' dir='ltr'>vi</span> <span class='ocrx_word' id='word_1_163' title='bbox 766 1269 959 1321; x_wconf 84' lang='lat' dir='ltr'>grauitatis</span> <span class='ocrx_word' id='word_1_164' title='bbox 1001 1283 1097 1323; x_wconf 84' lang='lat' dir='ltr'>ergo</span> <span class='ocrx_word' id='word_1_165' title='bbox 1139 1282 1218 1310; x_wconf 83' lang='lat' dir='ltr'>vna</span> <span class='ocrx_word' id='word_1_166' title='bbox 1251 1269 1357 1323; x_wconf 79' lang='lat' dir='ltr'>supra</span> <span class='ocrx_word' id='word_1_167' title='bbox 1391 1267 1549 1308; x_wconf 86' lang='lat' dir='ltr'>alteram</span> <span class='ocrx_word' id='word_1_168' title='bbox 1583 1267 1691 1307; x_wconf 80' lang='lat' dir='ltr'>cadat</span> 
     </span>
     <span class='ocr_line' id='line_1_20' title="bbox 362 1328 1691 1387; baseline -0.001 -16"><span class='ocrx_word' id='word_1_169' title='bbox 362 1328 515 1371; x_wconf 80' lang='lat' dir='ltr'>necesse</span> <span class='ocrx_word' id='word_1_170' title='bbox 549 1331 614 1372; x_wconf 88' lang='lat' dir='ltr'>est.</span> <span class='ocrx_word' id='word_1_171' title='bbox 681 1332 775 1387; x_wconf 83' lang='lat' dir='ltr'>Quo</span> <span class='ocrx_word' id='word_1_172' title='bbox 808 1331 912 1374; x_wconf 65' lang='lat' dir='ltr'>facto</span> <span class='ocrx_word' id='word_1_173' title='bbox 946 1334 1104 1375; x_wconf 84' lang='lat' dir='ltr'>tandem</span> <span class='ocrx_word' id='word_1_174' title='bbox 1137 1344 1250 1375; x_wconf 90' lang='lat' dir='ltr'>motu</span> <span class='ocrx_word' id='word_1_175' title='bbox 1283 1333 1482 1387; x_wconf 84' lang='lat' dir='ltr'>gyratorio</span> <span class='ocrx_word' id='word_1_176' title='bbox 1516 1330 1691 1372; x_wconf 83' lang='lat' dir='ltr'>celeriter</span> 
     </span>
     <span class='ocr_line' id='line_1_21' title="bbox 360 1396 1690 1452; baseline 0.001 -17"><span class='ocrx_word' id='word_1_177' title='bbox 360 1404 511 1437; x_wconf 84' lang='lat' dir='ltr'>rotatae</span> <span class='ocrx_word' id='word_1_178' title='bbox 545 1396 633 1450; x_wconf 92' lang='lat' dir='ltr'>post</span> <span class='ocrx_word' id='word_1_179' title='bbox 668 1397 892 1439; x_wconf 69' lang='lat' dir='ltr'>contae‘tum</span> <span class='ocrx_word' id='word_1_180' title='bbox 910 1397 1036 1439; x_wconf 86' lang='lat' dir='ltr'>statim</span> <span class='ocrx_word' id='word_1_181' title='bbox 1055 1397 1218 1439; x_wconf 88' lang='lat' dir='ltr'>seorsum</span> <span class='ocrx_word' id='word_1_182' title='bbox 1237 1397 1472 1452; x_wconf 85' lang='lat' dir='ltr'>repellentur</span> <span class='ocrx_word' id='word_1_183' title='bbox 1489 1429 1500 1449; x_wconf 82' lang='lat'>,</span> <span class='ocrx_word' id='word_1_184' title='bbox 1534 1407 1584 1436; x_wconf 89' lang='lat' dir='ltr'>eo</span> <span class='ocrx_word' id='word_1_185' title='bbox 1600 1407 1690 1437; x_wconf 85' lang='lat' dir='ltr'>mo-</span> 
     </span>
     <span class='ocr_line' id='line_1_22' title="bbox 361 1459 1689 1517; baseline 0 -18"><span class='ocrx_word' id='word_1_186' title='bbox 361 1459 415 1499; x_wconf 92' lang='lat' dir='ltr'>do</span> <span class='ocrx_word' id='word_1_187' title='bbox 447 1469 494 1501; x_wconf 85' lang='lat' dir='ltr'>vt</span> <span class='ocrx_word' id='word_1_188' title='bbox 526 1460 769 1515; x_wconf 83' lang='lat' dir='ltr'>paragrapho</span> <span class='ocrx_word' id='word_1_189' title='bbox 803 1461 996 1515; x_wconf 87' lang='lat' dir='ltr'>superiore</span> <span class='ocrx_word' id='word_1_190' title='bbox 1029 1462 1321 1516; x_wconf 88' lang='lat' dir='ltr'>explicauimus.</span> <span class='ocrx_word' id='word_1_191' title='bbox 1391 1461 1591 1517; x_wconf 83' lang='lat' dir='ltr'>Quoniam</span> <span class='ocrx_word' id='word_1_192' title='bbox 1624 1472 1689 1500; x_wconf 81' lang='lat' dir='ltr'>au—</span> 
     </span>
     <span class='ocr_line' id='line_1_23' title="bbox 362 1524 1687 1578; baseline 0 -16"><span class='ocrx_word' id='word_1_193' title='bbox 362 1532 452 1563; x_wconf 89' lang='lat' dir='ltr'>tem</span> <span class='ocrx_word' id='word_1_194' title='bbox 488 1524 528 1563; x_wconf 90' lang='lat' dir='ltr'>in</span> <span class='ocrx_word' id='word_1_195' title='bbox 562 1533 665 1565; x_wconf 82' lang='lat' dir='ltr'>tanta</span> <span class='ocrx_word' id='word_1_196' title='bbox 696 1524 907 1578; x_wconf 81' lang='lat' dir='ltr'>frequentia</span> <span class='ocrx_word' id='word_1_197' title='bbox 940 1536 1165 1566; x_wconf 82' lang='lat' dir='ltr'>atomorum</span> <span class='ocrx_word' id='word_1_198' title='bbox 1198 1525 1281 1566; x_wconf 90' lang='lat' dir='ltr'>fieri</span> <span class='ocrx_word' id='word_1_199' title='bbox 1322 1538 1402 1565; x_wconf 90' lang='lat' dir='ltr'>non</span> <span class='ocrx_word' id='word_1_200' title='bbox 1445 1525 1570 1578; x_wconf 84' lang='lat' dir='ltr'>potest</span> <span class='ocrx_word' id='word_1_201' title='bbox 1590 1556 1600 1575; x_wconf 85' lang='lat'>‚</span> <span class='ocrx_word' id='word_1_202' title='bbox 1644 1531 1687 1563; x_wconf 81' lang='lat' dir='ltr'>vt</span> 
     </span>
     <span class='ocr_line' id='line_1_24' title="bbox 361 1587 1688 1644; baseline -0.001 -17"><span class='ocrx_word' id='word_1_203' title='bbox 361 1587 552 1641; x_wconf 88' lang='lat' dir='ltr'>quaelibet</span> <span class='ocrx_word' id='word_1_204' title='bbox 586 1587 696 1628; x_wconf 89' lang='lat' dir='ltr'>cadat</span> <span class='ocrx_word' id='word_1_205' title='bbox 730 1588 770 1628; x_wconf 92' lang='lat' dir='ltr'>in</span> <span class='ocrx_word' id='word_1_206' title='bbox 807 1588 998 1630; x_wconf 90' lang='lat' dir='ltr'>summum</span> <span class='ocrx_word' id='word_1_207' title='bbox 1033 1590 1221 1644; x_wconf 55' lang='lat' dir='ltr'>punitum</span> <span class='ocrx_word' id='word_1_208' title='bbox 1256 1588 1466 1643; x_wconf 87' lang='lat' dir='ltr'>superficiei</span> <span class='ocrx_word' id='word_1_209' title='bbox 1502 1587 1688 1627; x_wconf 76' lang='lat' dir='ltr'>inferioris</span> 
     </span>
     <span class='ocr_line' id='line_1_25' title="bbox 360 1651 1689 1707; baseline 0.001 -17"><span class='ocrx_word' id='word_1_210' title='bbox 360 1651 518 1705; x_wconf 74' lang='lat' dir='ltr'>atomi3</span> <span class='ocrx_word' id='word_1_211' title='bbox 553 1651 592 1692; x_wconf 90' lang='lat' dir='ltr'>id</span> <span class='ocrx_word' id='word_1_212' title='bbox 626 1653 731 1692; x_wconf 87' lang='lat' dir='ltr'>circo</span> <span class='ocrx_word' id='word_1_213' title='bbox 765 1653 866 1693; x_wconf 60' lang='lat' dir='ltr'>aetio</span> <span class='ocrx_word' id='word_1_214' title='bbox 893 1666 1023 1695; x_wconf 84' lang='lat' dir='ltr'>earum</span> <span class='ocrx_word' id='word_1_215' title='bbox 1048 1654 1237 1707; x_wconf 84' lang='lat' dir='ltr'>repulsiua</span> <span class='ocrx_word' id='word_1_216' title='bbox 1258 1652 1464 1706; x_wconf 70' lang='lat' dir='ltr'>saepissime</span> <span class='ocrx_word' id='word_1_217' title='bbox 1481 1651 1689 1692; x_wconf 88' lang='lat' dir='ltr'>secundum</span> 
     </span>
     <span class='ocr_line' id='line_1_26' title="bbox 360 1714 1688 1770; baseline 0.001 -16"><span class='ocrx_word' id='word_1_218' title='bbox 360 1714 478 1755; x_wconf 86' lang='lat' dir='ltr'>lineas</span> <span class='ocrx_word' id='word_1_219' title='bbox 506 1716 554 1756; x_wconf 87' lang='lat' dir='ltr'>ad</span> <span class='ocrx_word' id='word_1_220' title='bbox 579 1715 831 1757; x_wconf 86' lang='lat' dir='ltr'>horizontem</span> <span class='ocrx_word' id='word_1_221' title='bbox 860 1717 944 1770; x_wconf 89' lang='lat' dir='ltr'>plus</span> <span class='ocrx_word' id='word_1_222' title='bbox 970 1718 1143 1759; x_wconf 89' lang='lat' dir='ltr'>minusue</span> <span class='ocrx_word' id='word_1_223' title='bbox 1161 1717 1354 1758; x_wconf 85' lang='lat' dir='ltr'>inclinatas</span> <span class='ocrx_word' id='word_1_224' title='bbox 1373 1716 1455 1757; x_wconf 88' lang='lat' dir='ltr'>fieri</span> <span class='ocrx_word' id='word_1_225' title='bbox 1476 1715 1610 1766; x_wconf 84' lang='lat' dir='ltr'>debet,</span> <span class='ocrx_word' id='word_1_226' title='bbox 1630 1725 1688 1756; x_wconf 86' lang='lat' dir='ltr'>at-</span> 
     </span>
     <span class='ocr_line' id='line_1_27' title="bbox 360 1778 1685 1835; baseline 0.001 -16"><span class='ocrx_word' id='word_1_227' title='bbox 360 1791 436 1834; x_wconf 87' lang='lat' dir='ltr'>que</span> <span class='ocrx_word' id='word_1_228' title='bbox 453 1780 548 1820; x_wconf 82' lang='lat' dir='ltr'>adeo</span> <span class='ocrx_word' id='word_1_229' title='bbox 569 1780 628 1820; x_wconf 83' lang='lat' dir='ltr'>vis</span> <span class='ocrx_word' id='word_1_230' title='bbox 661 1781 755 1820; x_wconf 87' lang='lat' dir='ltr'>aeris</span> <span class='ocrx_word' id='word_1_231' title='bbox 787 1781 933 1822; x_wconf 80' lang='lat' dir='ltr'>elastica</span> <span class='ocrx_word' id='word_1_232' title='bbox 952 1781 1076 1823; x_wconf 85' lang='lat' dir='ltr'>versus</span> <span class='ocrx_word' id='word_1_233' title='bbox 1106 1794 1239 1823; x_wconf 89' lang='lat' dir='ltr'>omnes</span> <span class='ocrx_word' id='word_1_234' title='bbox 1265 1781 1392 1835; x_wconf 77' lang='lat' dir='ltr'>plagas</span> <span class='ocrx_word' id='word_1_235' title='bbox 1410 1779 1483 1820; x_wconf 75' lang='lat' dir='ltr'>sele</span> <span class='ocrx_word' id='word_1_236' title='bbox 1501 1778 1685 1820; x_wconf 83' lang='lat' dir='ltr'>exserere.</span> 
     </span>
    </p>

    <p class='ocr_par' dir='ltr' id='par_1_10' title="bbox 359 1844 1687 2093">
     <span class='ocr_line' id='line_1_28' title="bbox 501 1844 1687 1898; baseline 0.001 -15"><span class='ocrx_word' id='word_1_237' title='bbox 501 1845 535 1893; x_wconf 70' lang='grc' dir='ltr'>ξ.</span> <span class='ocrx_word' id='word_1_238' title='bbox 578 1851 647 1886; x_wconf 83' lang='lat'>18.</span> <span class='ocrx_word' id='word_1_239' title='bbox 683 1844 931 1898; x_wconf 82' lang='lat' dir='ltr'>Explicatam</span> <span class='ocrx_word' id='word_1_240' title='bbox 964 1845 1147 1888; x_wconf 79' lang='lat' dir='ltr'>hactenus</span> <span class='ocrx_word' id='word_1_241' title='bbox 1178 1856 1400 1886; x_wconf 85' lang='lat' dir='ltr'>atomorum</span> <span class='ocrx_word' id='word_1_242' title='bbox 1426 1844 1622 1885; x_wconf 56' lang='lat' dir='ltr'>:astionem</span> <span class='ocrx_word' id='word_1_243' title='bbox 1641 1857 1687 1884; x_wconf 92' lang='lat' dir='ltr'>o-</span> 
     </span>
     <span class='ocr_line' id='line_1_29' title="bbox 361 1908 1685 1965; baseline 0.001 -17"><span class='ocrx_word' id='word_1_244' title='bbox 361 1908 540 1949; x_wconf 79' lang='lat' dir='ltr'>stendunt</span> <span class='ocrx_word' id='word_1_245' title='bbox 567 1909 683 1950; x_wconf 81' lang='lat' dir='ltr'>etiam</span> <span class='ocrx_word' id='word_1_246' title='bbox 719 1909 911 1963; x_wconf 83' lang='lat' dir='ltr'>turbines,</span> <span class='ocrx_word' id='word_1_247' title='bbox 947 1911 1081 1964; x_wconf 89' lang='lat' dir='ltr'>quibus</span> <span class='ocrx_word' id='word_1_248' title='bbox 1121 1911 1228 1965; x_wconf 90' lang='lat' dir='ltr'>pueri</span> <span class='ocrx_word' id='word_1_249' title='bbox 1263 1909 1370 1963; x_wconf 90' lang='lat' dir='ltr'>super</span> <span class='ocrx_word' id='word_1_250' title='bbox 1404 1908 1523 1961; x_wconf 81' lang='lat' dir='ltr'>glacie</span> <span class='ocrx_word' id='word_1_251' title='bbox 1558 1908 1685 1949; x_wconf 89' lang='lat' dir='ltr'>ludere</span> 
     </span>
     <span class='ocr_line' id='line_1_30' title="bbox 359 1971 1685 2027; baseline 0.001 -15"><span class='ocrx_word' id='word_1_252' title='bbox 359 1972 499 2013; x_wconf 88' lang='lat' dir='ltr'>solent.</span> <span class='ocrx_word' id='word_1_253' title='bbox 568 1971 665 2014; x_wconf 88' lang='lat' dir='ltr'>Duo</span> <span class='ocrx_word' id='word_1_254' title='bbox 699 1975 803 2014; x_wconf 91' lang='lat' dir='ltr'>enim</span> <span class='ocrx_word' id='word_1_255' title='bbox 837 1975 1020 2016; x_wconf 87' lang='lat' dir='ltr'>eiusmodi</span> <span class='ocrx_word' id='word_1_256' title='bbox 1054 1976 1223 2017; x_wconf 84' lang='lat' dir='ltr'>turbines</span> <span class='ocrx_word' id='word_1_257' title='bbox 1256 1976 1294 2013; x_wconf 89' lang='lat' dir='ltr'>in</span> <span class='ocrx_word' id='word_1_258' title='bbox 1338 1986 1476 2027; x_wconf 85' lang='lat' dir='ltr'>gyrum</span> <span class='ocrx_word' id='word_1_259' title='bbox 1518 1972 1685 2013; x_wconf 80' lang='lat' dir='ltr'>celleri-i-</span> 
     </span>
     <span class='ocr_line' id='line_1_31' title="bbox 362 2035 1683 2093; baseline 0.002 -17"><span class='ocrx_word' id='word_1_260' title='bbox 362 2047 428 2076; x_wconf 82' lang='lat' dir='ltr'>me</span> <span class='ocrx_word' id='word_1_261' title='bbox 470 2036 541 2077; x_wconf 60' lang='lat' dir='ltr'>aeti</span> <span class='ocrx_word' id='word_1_262' title='bbox 562 2070 571 2088; x_wconf 80' lang='lat'>,</span> <span class='ocrx_word' id='word_1_263' title='bbox 614 2038 815 2091; x_wconf 80' lang='lat' dir='ltr'>postquam</span> <span class='ocrx_word' id='word_1_264' title='bbox 861 2041 974 2080; x_wconf 66' lang='lat' dir='ltr'>tardo</span> <span class='ocrx_word' id='word_1_265' title='bbox 1022 2041 1175 2093; x_wconf 84' lang='lat' dir='ltr'>quidem</span> <span class='ocrx_word' id='word_1_266' title='bbox 1227 2035 1331 2091; x_wconf 77' lang='lat' dir='ltr'>paffii</span> <span class='ocrx_word' id='word_1_267' title='bbox 1373 2039 1414 2078; x_wconf 89' lang='lat' dir='ltr'>in</span> <span class='ocrx_word' id='word_1_268' title='bbox 1463 2037 1683 2078; x_wconf 57' lang='lat' dir='ltr'>contactum</span> 
     </span>
    </p>
   </div>
   <div class='ocr_carea' id='block_1_9' title="bbox 357 2098 1684 2209">
    <p class='ocr_par' dir='ltr' id='par_1_11' title="bbox 357 2098 1684 2209">
     <span class='ocr_line' id='line_1_32' title="bbox 357 2098 1682 2159; baseline 0 -19"><span class='ocrx_word' id='word_1_269' title='bbox 357 2098 509 2141; x_wconf 75' lang='lat' dir='ltr'>admoti</span> <span class='ocrx_word' id='word_1_270' title='bbox 542 2098 680 2140; x_wconf 88' lang='lat' dir='ltr'>fuerint</span> <span class='ocrx_word' id='word_1_271' title='bbox 698 2134 710 2156; x_wconf 70' lang='lat'>,</span> <span class='ocrx_word' id='word_1_272' title='bbox 742 2102 973 2159; x_wconf 79' lang='lat' dir='ltr'>rapidiffime</span> <span class='ocrx_word' id='word_1_273' title='bbox 1008 2104 1148 2145; x_wconf 78' lang='lat' dir='ltr'>resilire</span> <span class='ocrx_word' id='word_1_274' title='bbox 1183 2102 1338 2155; x_wconf 70' lang='lat' dir='ltr'>solent3</span> <span class='ocrx_word' id='word_1_275' title='bbox 1375 2114 1469 2158; x_wconf 85' lang='lat' dir='ltr'>quae</span> <span class='ocrx_word' id='word_1_276' title='bbox 1495 2101 1682 2156; x_wconf 58' lang='lat' dir='ltr'>repetens&lt;</span> 
     </span>
     <span class='ocr_line' id='line_1_33' title="bbox 1629 2166 1684 2209; baseline -0.036 0"><span class='ocrx_word' id='word_1_277' title='bbox 1629 2166 1684 2209; x_wconf 77' lang='lat' dir='ltr'>sio</span> 
     </span>
    </p>
   </div>
  </div>
 </body>
</html>
