<?xml version="1.0" encoding="UTF-8"?>
<!DOCTYPE html PUBLIC "-//W3C//DTD XHTML 1.0 Transitional//EN"
    "http://www.w3.org/TR/xhtml1/DTD/xhtml1-transitional.dtd">
<html xmlns="http://www.w3.org/1999/xhtml" xml:lang="en" lang="en">
 <head>
  <title>
</title>
<meta http-equiv="Content-Type" content="text/html;charset=utf-8" />
  <meta name='ocr-system' content='tesseract 3.04.00' />
  <meta name='ocr-capabilities' content='ocr_page ocr_carea ocr_par ocr_line ocrx_word'/>
</head>
<body>
  <div class='ocr_page' id='page_1' title='image "./novicommentariac01impe_0064.png"; bbox 0 0 1820 2506; ppageno 0'>
   <div class='ocr_carea' id='block_1_1' title="bbox 852 115 1046 179">
    <p class='ocr_par' dir='ltr' id='par_1_1' title="bbox 852 115 1046 179">
     <span class='ocr_line' id='line_1_1' title="bbox 852 115 1046 179; baseline -0.015 0"><span class='ocrx_word' id='word_1_1' title='bbox 852 117 884 179; x_wconf 85' lang='lat'>)(</span> <span class='ocrx_word' id='word_1_2' title='bbox 922 129 976 172; x_wconf 77' lang='lat'>⁵0</span> <span class='ocrx_word' id='word_1_3' title='bbox 1010 115 1046 176; x_wconf 94' lang='grc'>)(</span> 
     </span>
    </p>
   </div>
   <div class='ocr_carea' id='block_1_2' title="bbox 298 230 1618 927">
    <p class='ocr_par' dir='ltr' id='par_1_2' title="bbox 298 230 1618 927">
     <span class='ocr_line' id='line_1_2' title="bbox 300 230 1612 290; baseline 0 -14"><span class='ocrx_word' id='word_1_4' title='bbox 300 234 458 290; x_wconf 84' lang='lat' dir='ltr'>gradum</span> <span class='ocrx_word' id='word_1_5' title='bbox 507 231 639 276; x_wconf 88' lang='lat' dir='ltr'>caloris</span> <span class='ocrx_word' id='word_1_6' title='bbox 688 232 926 276; x_wconf 85' lang='lat' dir='ltr'>constantem</span> <span class='ocrx_word' id='word_1_7' title='bbox 985 233 1185 276; x_wconf 84' lang='lat' dir='ltr'>definiatur</span> <span class='ocrx_word' id='word_1_8' title='bbox 1203 265 1213 284; x_wconf 88' lang='lat'>‚</span> <span class='ocrx_word' id='word_1_9' title='bbox 1256 230 1441 275; x_wconf 70' lang='lat' dir='ltr'>ostensum</span> <span class='ocrx_word' id='word_1_10' title='bbox 1475 232 1529 275; x_wconf 87' lang='lat' dir='ltr'>est</span> <span class='ocrx_word' id='word_1_11' title='bbox 1562 234 1612 276; x_wconf 81' lang='lat' dir='ltr'>ab</span> 
     </span>
     <span class='ocr_line' id='line_1_3' title="bbox 298 295 1611 352; baseline -0.001 -12"><span class='ocrx_word' id='word_1_12' title='bbox 298 301 454 340; x_wconf 64' lang='lat' dir='ltr'>auctore</span> <span class='ocrx_word' id='word_1_13' title='bbox 487 302 525 338; x_wconf 90' lang='lat' dir='ltr'>in</span> <span class='ocrx_word' id='word_1_14' title='bbox 559 297 850 351; x_wconf 86' lang='lat' dir='ltr'>cogitationibus</span> <span class='ocrx_word' id='word_1_15' title='bbox 882 298 930 338; x_wconf 89' lang='lat' dir='ltr'>de</span> <span class='ocrx_word' id='word_1_16' title='bbox 963 300 1171 352; x_wconf 83' lang='lat' dir='ltr'>quantitate</span> <span class='ocrx_word' id='word_1_17' title='bbox 1200 295 1362 348; x_wconf 79' lang='lat' dir='ltr'>caloris,</span> <span class='ocrx_word' id='word_1_18' title='bbox 1396 311 1492 352; x_wconf 88' lang='lat' dir='ltr'>quae</span> <span class='ocrx_word' id='word_1_19' title='bbox 1524 299 1611 352; x_wconf 91' lang='lat' dir='ltr'>post</span> 
     </span>
     <span class='ocr_line' id='line_1_4' title="bbox 300 359 1609 415; baseline -0.002 -11"><span class='ocrx_word' id='word_1_20' title='bbox 300 363 494 404; x_wconf 70' lang='lat' dir='ltr'>miscel-am</span> <span class='ocrx_word' id='word_1_21' title='bbox 544 361 748 402; x_wconf 88' lang='lat' dir='ltr'>fluidorum</span> <span class='ocrx_word' id='word_1_22' title='bbox 802 371 910 401; x_wconf 87' lang='lat' dir='ltr'>certo</span> <span class='ocrx_word' id='word_1_23' title='bbox 948 363 1063 415; x_wconf 85' lang='lat' dir='ltr'>gradu</span> <span class='ocrx_word' id='word_1_24' title='bbox 1103 359 1311 400; x_wconf 82' lang='lat' dir='ltr'>calidorum</span> <span class='ocrx_word' id='word_1_25' title='bbox 1353 362 1444 401; x_wconf 91' lang='lat' dir='ltr'>oriri</span> <span class='ocrx_word' id='word_1_26' title='bbox 1483 363 1609 402; x_wconf 88' lang='lat' dir='ltr'>debet.</span> 
     </span>
     <span class='ocr_line' id='line_1_5' title="bbox 298 422 1612 479; baseline -0.002 -10"><span class='ocrx_word' id='word_1_27' title='bbox 298 426 499 469; x_wconf 86' lang='lat' dir='ltr'>Nimirum</span> <span class='ocrx_word' id='word_1_28' title='bbox 531 426 754 479; x_wconf 80' lang='lat' dir='ltr'>singularum</span> <span class='ocrx_word' id='word_1_29' title='bbox 785 424 982 466; x_wconf 76' lang='lat' dir='ltr'>massarum</span> <span class='ocrx_word' id='word_1_30' title='bbox 1015 422 1208 464; x_wconf 86' lang='lat' dir='ltr'>exceffiim</span> <span class='ocrx_word' id='word_1_31' title='bbox 1239 423 1376 464; x_wconf 85' lang='lat' dir='ltr'>caloris</span> <span class='ocrx_word' id='word_1_32' title='bbox 1407 424 1510 478; x_wconf 82' lang='lat' dir='ltr'>supra</span> <span class='ocrx_word' id='word_1_33' title='bbox 1528 438 1612 479; x_wconf 83' lang='lat' dir='ltr'>gra-</span> 
     </span>
     <span class='ocr_line' id='line_1_6' title="bbox 302 485 1614 541; baseline -0.001 -10"><span class='ocrx_word' id='word_1_34' title='bbox 302 492 396 532; x_wconf 88' lang='lat' dir='ltr'>dum</span> <span class='ocrx_word' id='word_1_35' title='bbox 447 489 578 530; x_wconf 85' lang='lat' dir='ltr'>caloris</span> <span class='ocrx_word' id='word_1_36' title='bbox 619 488 853 529; x_wconf 86' lang='lat' dir='ltr'>constantem</span> <span class='ocrx_word' id='word_1_37' title='bbox 894 486 1225 541; x_wconf 86' lang='lat' dir='ltr'>multiplicandum</span> <span class='ocrx_word' id='word_1_38' title='bbox 1279 485 1356 527; x_wconf 87' lang='lat' dir='ltr'>effe</span> <span class='ocrx_word' id='word_1_39' title='bbox 1396 487 1436 526; x_wconf 93' lang='lat' dir='ltr'>in</span> <span class='ocrx_word' id='word_1_40' title='bbox 1479 486 1614 531; x_wconf 74' lang='lat' dir='ltr'>massas</span> 
     </span>
     <span class='ocr_line' id='line_1_7' title="bbox 303 546 1614 608; baseline -0.002 -13"><span class='ocrx_word' id='word_1_41' title='bbox 303 553 461 608; x_wconf 80' lang='lat' dir='ltr'>singulas</span> <span class='ocrx_word' id='word_1_42' title='bbox 493 561 533 593; x_wconf 86' lang='lat' dir='ltr'>et</span> <span class='ocrx_word' id='word_1_43' title='bbox 567 553 753 593; x_wconf 87' lang='lat' dir='ltr'>summam</span> <span class='ocrx_word' id='word_1_44' title='bbox 786 550 975 591; x_wconf 64' lang='lat' dir='ltr'>sacrorum</span> <span class='ocrx_word' id='word_1_45' title='bbox 1009 562 1082 605; x_wconf 88' lang='lat' dir='ltr'>per</span> <span class='ocrx_word' id='word_1_46' title='bbox 1112 546 1304 591; x_wconf 85' lang='lat' dir='ltr'>summam</span> <span class='ocrx_word' id='word_1_47' title='bbox 1336 549 1534 592; x_wconf 80' lang='lat' dir='ltr'>maffarum</span> <span class='ocrx_word' id='word_1_48' title='bbox 1556 553 1614 592; x_wconf 91' lang='lat' dir='ltr'>di-</span> 
     </span>
     <span class='ocr_line' id='line_1_8' title="bbox 304 611 1618 668; baseline -0.002 -9"><span class='ocrx_word' id='word_1_49' title='bbox 304 617 508 660; x_wconf 81' lang='lat' dir='ltr'>videndam</span> <span class='ocrx_word' id='word_1_50' title='bbox 557 614 644 656; x_wconf 84' lang='lat' dir='ltr'>effe.</span> <span class='ocrx_word' id='word_1_51' title='bbox 709 615 798 656; x_wconf 89' lang='lat' dir='ltr'>Hoc</span> <span class='ocrx_word' id='word_1_52' title='bbox 841 614 987 654; x_wconf 88' lang='lat' dir='ltr'>ibidem</span> <span class='ocrx_word' id='word_1_53' title='bbox 1038 611 1100 654; x_wconf 87' lang='lat' dir='ltr'>Ci.</span> <span class='ocrx_word' id='word_1_54' title='bbox 1142 613 1292 655; x_wconf 83' lang='lat' dir='ltr'>Krafftii</span> <span class='ocrx_word' id='word_1_55' title='bbox 1342 616 1618 668; x_wconf 74' lang='lat' dir='ltr'>experimentis</span> 
     </span>
     <span class='ocr_line' id='line_1_9' title="bbox 306 677 1615 736; baseline -0.002 -14"><span class='ocrx_word' id='word_1_56' title='bbox 306 681 510 736; x_wconf 84' lang='lat' dir='ltr'>probatum</span> <span class='ocrx_word' id='word_1_57' title='bbox 543 689 581 719; x_wconf 90' lang='lat' dir='ltr'>et</span> <span class='ocrx_word' id='word_1_58' title='bbox 614 678 724 718; x_wconf 88' lang='lat' dir='ltr'>nouis</span> <span class='ocrx_word' id='word_1_59' title='bbox 755 677 961 718; x_wconf 77' lang='lat' dir='ltr'>stabilitum</span> <span class='ocrx_word' id='word_1_60' title='bbox 995 677 1048 718; x_wconf 91' lang='lat' dir='ltr'>est</span> <span class='ocrx_word' id='word_1_61' title='bbox 1081 678 1121 717; x_wconf 93' lang='lat' dir='ltr'>in</span> <span class='ocrx_word' id='word_1_62' title='bbox 1140 677 1436 718; x_wconf 83' lang='lat' dir='ltr'>confirmatione</span> <span class='ocrx_word' id='word_1_63' title='bbox 1466 678 1615 720; x_wconf 87' lang='lat' dir='ltr'>formu-</span> 
     </span>
     <span class='ocr_line' id='line_1_10' title="bbox 303 739 1615 798; baseline -0.003 -11"><span class='ocrx_word' id='word_1_64' title='bbox 303 746 359 787; x_wconf 81' lang='lat' dir='ltr'>lae</span> <span class='ocrx_word' id='word_1_65' title='bbox 392 756 464 798; x_wconf 91' lang='lat' dir='ltr'>pro</span> <span class='ocrx_word' id='word_1_66' title='bbox 497 743 611 796; x_wconf 85' lang='lat' dir='ltr'>gradu</span> <span class='ocrx_word' id='word_1_67' title='bbox 646 739 816 782; x_wconf 81' lang='lat' dir='ltr'>excessus</span> <span class='ocrx_word' id='word_1_68' title='bbox 845 742 982 782; x_wconf 86' lang='lat' dir='ltr'>caloris</span> <span class='ocrx_word' id='word_1_69' title='bbox 1014 742 1122 795; x_wconf 83' lang='lat' dir='ltr'>supra</span> <span class='ocrx_word' id='word_1_70' title='bbox 1150 743 1307 795; x_wconf 80' lang='lat' dir='ltr'>gradum</span> <span class='ocrx_word' id='word_1_71' title='bbox 1343 742 1477 781; x_wconf 82' lang='lat' dir='ltr'>caloris</span> <span class='ocrx_word' id='word_1_72' title='bbox 1510 743 1615 783; x_wconf 86' lang='lat' dir='ltr'>mix·</span> 
     </span>
     <span class='ocr_line' id='line_1_11' title="bbox 306 803 1612 860; baseline -0.001 -11"><span class='ocrx_word' id='word_1_73' title='bbox 306 810 332 849; x_wconf 90' lang='lat' dir='ltr'>ti</span> <span class='ocrx_word' id='word_1_74' title='bbox 373 820 426 848; x_wconf 90' lang='lat' dir='ltr'>ex</span> <span class='ocrx_word' id='word_1_75' title='bbox 467 809 554 847; x_wconf 88' lang='lat' dir='ltr'>niue</span> <span class='ocrx_word' id='word_1_76' title='bbox 598 815 636 846; x_wconf 90' lang='lat' dir='ltr'>et</span> <span class='ocrx_word' id='word_1_77' title='bbox 670 805 741 846; x_wconf 87' lang='lat' dir='ltr'>sale</span> <span class='ocrx_word' id='word_1_78' title='bbox 780 806 1024 846; x_wconf 81' lang='lat' dir='ltr'>ammoniaco</span> <span class='ocrx_word' id='word_1_79' title='bbox 1065 805 1152 860; x_wconf 92' lang='lat' dir='ltr'>post</span> <span class='ocrx_word' id='word_1_80' title='bbox 1183 803 1371 846; x_wconf 81' lang='lat' dir='ltr'>miscelam</span> <span class='ocrx_word' id='word_1_81' title='bbox 1412 803 1612 848; x_wconf 77' lang='lat' dir='ltr'>massarum</span> 
     </span>
     <span class='ocr_line' id='line_1_12' title="bbox 304 868 1089 927; baseline -0.005 -14"><span class='ocrx_word' id='word_1_82' title='bbox 304 884 508 927; x_wconf 80' lang='lat' dir='ltr'>aque-arum</span> <span class='ocrx_word' id='word_1_83' title='bbox 542 869 690 910; x_wconf 83' lang='lat' dir='ltr'>diuerso</span> <span class='ocrx_word' id='word_1_84' title='bbox 722 870 837 923; x_wconf 86' lang='lat' dir='ltr'>gradu</span> <span class='ocrx_word' id='word_1_85' title='bbox 872 868 1089 910; x_wconf 82' lang='lat' dir='ltr'>calidarum.</span> 
     </span>
    </p>
   </div>
   <div class='ocr_carea' id='block_1_3' title="bbox 302 957 1616 1295">
    <p class='ocr_par' dir='ltr' id='par_1_3' title="bbox 302 957 1616 1295">
     <span class='ocr_line' id='line_1_13' title="bbox 302 957 1616 1006; baseline 0 -9"><span class='ocrx_word' id='word_1_86' title='bbox 302 960 557 1006; x_wconf 75' lang='lat' dir='ltr'>INQVISITIO</span> <span class='ocrx_word' id='word_1_87' title='bbox 582 959 625 996; x_wconf 82' lang='grc' dir='ltr'>ΙΝ</span> <span class='ocrx_word' id='word_1_88' title='bbox 640 958 806 997; x_wconf 80' lang='lat' dir='ltr'><strong>LEGEM</strong></span> <span class='ocrx_word' id='word_1_89' title='bbox 828 959 1087 997; x_wconf 86' lang='lat' dir='ltr'>SECVNDVM</span> <span class='ocrx_word' id='word_1_90' title='bbox 1113 958 1257 1004; x_wconf 83' lang='lat' dir='ltr'><strong>QVAM</strong></span> <span class='ocrx_word' id='word_1_91' title='bbox 1272 957 1303 994; x_wconf 92' lang='lat' dir='ltr'>C</span> <span class='ocrx_word' id='word_1_92' title='bbox 1316 957 1437 994; x_wconf 71' lang='lat' dir='ltr'>iLOR</span> <span class='ocrx_word' id='word_1_93' title='bbox 1453 957 1616 997; x_wconf 82' lang='lat' dir='ltr'>FLVIDI</span> 
     </span>
     <span class='ocr_line' id='line_1_14' title="bbox 318 1007 1601 1054; baseline -0.003 -7"><span class='ocrx_word' id='word_1_94' title='bbox 318 1010 440 1047; x_wconf 82' lang='lat' dir='ltr'>VASE</span> <span class='ocrx_word' id='word_1_95' title='bbox 483 1010 725 1046; x_wconf 78' lang='lat' dir='ltr'>CONTENTI</span> <span class='ocrx_word' id='word_1_96' title='bbox 762 1009 924 1046; x_wconf 82' lang='lat' dir='ltr'>CERTO</span> <span class='ocrx_word' id='word_1_97' title='bbox 974 1009 1207 1047; x_wconf 78' lang='lat' dir='ltr'>TEMPORIS</span> <span class='ocrx_word' id='word_1_98' title='bbox 1256 1007 1567 1044; x_wconf 81' lang='lat' dir='ltr'>INTERVALLO</span> <span class='ocrx_word' id='word_1_99' title='bbox 1586 1035 1601 1054; x_wconf 91' lang='lat'><em>,</em></span> 
     </span>
     <span class='ocr_line' id='line_1_15' title="bbox 329 1057 1591 1097; baseline -0.003 0"><span class='ocrx_word' id='word_1_100' title='bbox 329 1059 372 1097; x_wconf 72' lang='lat' dir='ltr'>IN</span> <span class='ocrx_word' id='word_1_101' title='bbox 406 1059 646 1096; x_wconf 82' lang='lat' dir='ltr'>TEMPERIE</span> <span class='ocrx_word' id='word_1_102' title='bbox 682 1059 816 1096; x_wconf 85' lang='lat' dir='ltr'>AERIS</span> <span class='ocrx_word' id='word_1_103' title='bbox 843 1059 1170 1097; x_wconf 55' lang='lat' dir='ltr'>CONSTANTER</span> <span class='ocrx_word' id='word_1_104' title='bbox 1204 1057 1374 1095; x_wconf 85' lang='lat' dir='ltr'>EADEM</span> <span class='ocrx_word' id='word_1_105' title='bbox 1411 1057 1591 1094; x_wconf 86' lang='lat' dir='ltr'>DECRE-</span> 
     </span>
     <span class='ocr_line' id='line_1_16' title="bbox 342 1106 1576 1153; baseline -0.001 -8"><span class='ocrx_word' id='word_1_106' title='bbox 342 1110 444 1146; x_wconf 86' lang='lat' dir='ltr'>SClT</span> <span class='ocrx_word' id='word_1_107' title='bbox 473 1110 568 1146; x_wconf 87' lang='lat' dir='ltr'>VEL</span> <span class='ocrx_word' id='word_1_108' title='bbox 595 1109 814 1153; x_wconf 84' lang='lat' dir='ltr'>CRESCIT,</span> <span class='ocrx_word' id='word_1_109' title='bbox 841 1109 904 1147; x_wconf 86' lang='lat' dir='ltr'>ET</span> <span class='ocrx_word' id='word_1_110' title='bbox 918 1109 1162 1147; x_wconf 81' lang='lat' dir='ltr'>DETECTIO</span> <span class='ocrx_word' id='word_1_111' title='bbox 1179 1108 1301 1150; x_wconf 84' lang='lat' dir='ltr'>EIVS,</span> <span class='ocrx_word' id='word_1_112' title='bbox 1330 1106 1576 1151; x_wconf 85' lang='lat' dir='ltr'>SlMVLQVE</span> 
     </span>
     <span class='ocr_line' id='line_1_17' title="bbox 351 1156 1565 1198; baseline -0.003 0"><span class='ocrx_word' id='word_1_113' title='bbox 351 1159 843 1198; x_wconf 75' lang='lat' dir='ltr'>THERMOMETRORVM</span> <span class='ocrx_word' id='word_1_114' title='bbox 875 1159 1118 1197; x_wconf 87' lang='lat' dir='ltr'>PERFECTE</span> <span class='ocrx_word' id='word_1_115' title='bbox 1143 1156 1565 1196; x_wconf 83' lang='lat' dir='ltr'>CONCORDANTiVM</span> 
     </span>
     <span class='ocr_line' id='line_1_18' title="bbox 490 1206 1428 1246; baseline -0.002 0"><span class='ocrx_word' id='word_1_116' title='bbox 490 1208 830 1246; x_wconf 78' lang='lat' dir='ltr'>CONSTRVENDI</span> <span class='ocrx_word' id='word_1_117' title='bbox 863 1209 1017 1245; x_wconf 85' lang='lat' dir='ltr'><strong>RATIO</strong></span> <span class='ocrx_word' id='word_1_118' title='bbox 1040 1209 1157 1245; x_wconf 88' lang='lat' dir='ltr'>HINC</span> <span class='ocrx_word' id='word_1_119' title='bbox 1183 1206 1428 1244; x_wconf 87' lang='lat' dir='ltr'>DEDVCTA.</span> 
     </span>
     <span class='ocr_line' id='line_1_19' title="bbox 659 1257 1257 1295; baseline -0.005 -1"><span class='ocrx_word' id='word_1_120' title='bbox 659 1257 805 1294; x_wconf 80' lang='lat' dir='ltr'>AVCT.</span> <span class='ocrx_word' id='word_1_121' title='bbox 834 1258 884 1295; x_wconf 91' lang='lat' dir='ltr'>G.</span> <span class='ocrx_word' id='word_1_122' title='bbox 910 1258 971 1294; x_wconf 90' lang='lat' dir='ltr'>W.</span> <span class='ocrx_word' id='word_1_123' title='bbox 995 1257 1257 1295; x_wconf 84' lang='lat' dir='ltr'>RICHMANN.</span> 
     </span>
    </p>
   </div>
   <div class='ocr_carea' id='block_1_4' title="bbox 303 1319 1616 2016">
    <p class='ocr_par' dir='ltr' id='par_1_4' title="bbox 303 1319 1616 2016">
     <span class='ocr_line' id='line_1_20' title="bbox 303 1319 1615 1418; baseline -0.004 -52"><span class='ocrx_word' id='word_1_124' title='bbox 303 1322 546 1418; x_wconf 79' lang='lat' dir='ltr'>Decrescit</span> <span class='ocrx_word' id='word_1_125' title='bbox 578 1322 685 1364; x_wconf 84' lang='lat' dir='ltr'>calor</span> <span class='ocrx_word' id='word_1_126' title='bbox 716 1335 833 1376; x_wconf 84' lang='lat' dir='ltr'>aquae</span> <span class='ocrx_word' id='word_1_127' title='bbox 873 1324 913 1362; x_wconf 92' lang='lat' dir='ltr'>in</span> <span class='ocrx_word' id='word_1_128' title='bbox 948 1326 1034 1363; x_wconf 79' lang='lat' dir='ltr'>a&#39;e‘ie</span> <span class='ocrx_word' id='word_1_129' title='bbox 1085 1322 1268 1375; x_wconf 82' lang='lat' dir='ltr'>frigidiori</span> <span class='ocrx_word' id='word_1_130' title='bbox 1321 1330 1361 1361; x_wconf 87' lang='lat' dir='ltr'>et</span> <span class='ocrx_word' id='word_1_131' title='bbox 1395 1319 1525 1360; x_wconf 85' lang='lat' dir='ltr'>crescit</span> <span class='ocrx_word' id='word_1_132' title='bbox 1575 1322 1615 1362; x_wconf 88' lang='lat' dir='ltr'>in</span> 
     </span>
     <span class='ocr_line' id='line_1_21' title="bbox 431 1382 1616 1441; baseline -0.005 -13"><span class='ocrx_word' id='word_1_133' title='bbox 431 1391 520 1429; x_wconf 84' lang='lat' dir='ltr'>a&#39;e&#39;re</span> <span class='ocrx_word' id='word_1_134' title='bbox 553 1386 723 1428; x_wconf 84' lang='lat' dir='ltr'>calidiori</span> <span class='ocrx_word' id='word_1_135' title='bbox 757 1398 863 1439; x_wconf 83' lang='lat' dir='ltr'>aqua.</span> <span class='ocrx_word' id='word_1_136' title='bbox 929 1386 1015 1441; x_wconf 81' lang='lat' dir='ltr'>Qua</span> <span class='ocrx_word' id='word_1_137' title='bbox 1047 1385 1131 1439; x_wconf 86' lang='lat' dir='ltr'>lege</span> <span class='ocrx_word' id='word_1_138' title='bbox 1163 1384 1240 1424; x_wconf 91' lang='lat' dir='ltr'>hoc</span> <span class='ocrx_word' id='word_1_139' title='bbox 1274 1382 1341 1423; x_wconf 84' lang='lat' dir='ltr'>fiat</span> <span class='ocrx_word' id='word_1_140' title='bbox 1381 1383 1616 1436; x_wconf 83' lang='lat' dir='ltr'>inuestigauit</span> 
     </span>
     <span class='ocr_line' id='line_1_22' title="bbox 306 1447 1613 1502; baseline -0.006 -8"><span class='ocrx_word' id='word_1_141' title='bbox 306 1463 414 1495; x_wconf 87' lang='lat' dir='ltr'>autor</span> <span class='ocrx_word' id='word_1_142' title='bbox 456 1453 558 1494; x_wconf 90' lang='lat' dir='ltr'>idem</span> <span class='ocrx_word' id='word_1_143' title='bbox 579 1483 589 1502; x_wconf 86' lang='lat'>‚</span> <span class='ocrx_word' id='word_1_144' title='bbox 622 1459 662 1490; x_wconf 83' lang='lat' dir='ltr'>et</span> <span class='ocrx_word' id='word_1_145' title='bbox 694 1462 745 1489; x_wconf 86' lang='lat' dir='ltr'>ex</span> <span class='ocrx_word' id='word_1_146' title='bbox 779 1449 912 1490; x_wconf 87' lang='lat' dir='ltr'>multis</span> <span class='ocrx_word' id='word_1_147' title='bbox 944 1447 1262 1490; x_wconf 67' lang='lat' dir='ltr'>obseruationibus</span> <span class='ocrx_word' id='word_1_148' title='bbox 1294 1460 1382 1501; x_wconf 83' lang='lat' dir='ltr'>quas</span> <span class='ocrx_word' id='word_1_149' title='bbox 1399 1449 1613 1487; x_wconf 76' lang='lat' dir='ltr'>communi-</span> 
     </span>
     <span class='ocr_line' id='line_1_23' title="bbox 306 1512 1616 1567; baseline -0.006 -8"><span class='ocrx_word' id='word_1_150' title='bbox 306 1519 406 1560; x_wconf 82' lang='lat' dir='ltr'>cauit</span> <span class='ocrx_word' id='word_1_151' title='bbox 446 1517 484 1556; x_wconf 93' lang='lat' dir='ltr'>in</span> <span class='ocrx_word' id='word_1_152' title='bbox 518 1514 761 1567; x_wconf 81' lang='lat' dir='ltr'>inquisitione</span> <span class='ocrx_word' id='word_1_153' title='bbox 799 1514 859 1554; x_wconf 81' lang='lat' dir='ltr'>sua</span> <span class='ocrx_word' id='word_1_154' title='bbox 900 1514 939 1552; x_wconf 93' lang='lat' dir='ltr'>in</span> <span class='ocrx_word' id='word_1_155' title='bbox 980 1513 1102 1566; x_wconf 82' lang='lat' dir='ltr'>legem</span> <span class='ocrx_word' id='word_1_156' title='bbox 1146 1512 1374 1552; x_wconf 74' lang='lat' dir='ltr'>decrementi</span> <span class='ocrx_word' id='word_1_157' title='bbox 1415 1520 1453 1550; x_wconf 89' lang='lat' dir='ltr'>et</span> <span class='ocrx_word' id='word_1_158' title='bbox 1494 1513 1616 1551; x_wconf 86' lang='lat' dir='ltr'>incre-</span> 
     </span>
     <span class='ocr_line' id='line_1_24' title="bbox 306 1574 1615 1632; baseline -0.007 -9"><span class='ocrx_word' id='word_1_159' title='bbox 306 1581 431 1623; x_wconf 88' lang='lat' dir='ltr'>menti</span> <span class='ocrx_word' id='word_1_160' title='bbox 470 1578 604 1620; x_wconf 81' lang='lat' dir='ltr'>caloris</span> <span class='ocrx_word' id='word_1_161' title='bbox 636 1578 817 1617; x_wconf 87' lang='lat' dir='ltr'>deriuauit</span> <span class='ocrx_word' id='word_1_162' title='bbox 836 1609 847 1629; x_wconf 82' lang='lat'>,</span> <span class='ocrx_word' id='word_1_163' title='bbox 883 1574 957 1632; x_wconf 84' lang='lat'>(1)</span> <span class='ocrx_word' id='word_1_164' title='bbox 991 1578 1231 1617; x_wconf 80' lang='lat' dir='ltr'>decrementa</span> <span class='ocrx_word' id='word_1_165' title='bbox 1266 1585 1302 1614; x_wconf 88' lang='lat' dir='ltr'>et</span> <span class='ocrx_word' id='word_1_166' title='bbox 1334 1576 1615 1614; x_wconf 77' lang='lat' dir='ltr'>incremenrain</span> 
     </span>
     <span class='ocr_line' id='line_1_25' title="bbox 308 1636 1614 1701; baseline -0.008 -15"><span class='ocrx_word' id='word_1_167' title='bbox 308 1646 433 1701; x_wconf 81' lang='lat' dir='ltr'>paruis</span> <span class='ocrx_word' id='word_1_168' title='bbox 472 1641 710 1697; x_wconf 86' lang='lat' dir='ltr'>temporibus</span> <span class='ocrx_word' id='word_1_169' title='bbox 742 1640 953 1694; x_wconf 81' lang='lat' dir='ltr'>aequalibus</span> <span class='ocrx_word' id='word_1_170' title='bbox 996 1641 1033 1679; x_wconf 90' lang='lat' dir='ltr'>in</span> <span class='ocrx_word' id='word_1_171' title='bbox 1060 1651 1195 1693; x_wconf 81' lang='lat' dir='ltr'>genere</span> <span class='ocrx_word' id='word_1_172' title='bbox 1237 1636 1312 1678; x_wconf 83' lang='lat' dir='ltr'>effe</span> <span class='ocrx_word' id='word_1_173' title='bbox 1334 1671 1343 1689; x_wconf 82' lang='lat'>‚</span> <span class='ocrx_word' id='word_1_174' title='bbox 1386 1639 1426 1677; x_wconf 91' lang='lat' dir='ltr'>in</span> <span class='ocrx_word' id='word_1_175' title='bbox 1467 1639 1614 1677; x_wconf 85' lang='lat' dir='ltr'>ratione</span> 
     </span>
     <span class='ocr_line' id='line_1_26' title="bbox 308 1701 1612 1762; baseline -0.008 -12"><span class='ocrx_word' id='word_1_176' title='bbox 308 1707 524 1762; x_wconf 86' lang='lat' dir='ltr'>composita</span> <span class='ocrx_word' id='word_1_177' title='bbox 559 1719 611 1746; x_wconf 85' lang='lat' dir='ltr'>ex</span> <span class='ocrx_word' id='word_1_178' title='bbox 645 1704 790 1746; x_wconf 71' lang='lat' dir='ltr'>directa</span> <span class='ocrx_word' id='word_1_179' title='bbox 822 1703 1101 1757; x_wconf 85' lang='lat' dir='ltr'>superficierum</span> <span class='ocrx_word' id='word_1_180' title='bbox 1138 1704 1366 1755; x_wconf 82' lang='lat' dir='ltr'>integrarum</span> <span class='ocrx_word' id='word_1_181' title='bbox 1387 1735 1397 1753; x_wconf 81' lang='lat'>,</span> <span class='ocrx_word' id='word_1_182' title='bbox 1439 1712 1477 1741; x_wconf 91' lang='lat' dir='ltr'>et</span> <span class='ocrx_word' id='word_1_183' title='bbox 1508 1701 1612 1741; x_wconf 81' lang='lat' dir='ltr'>diffe-</span> 
     </span>
     <span class='ocr_line' id='line_1_27' title="bbox 309 1764 1615 1822; baseline -0.007 -9"><span class='ocrx_word' id='word_1_184' title='bbox 309 1774 516 1814; x_wconf 83' lang='lat' dir='ltr'>rentiarum</span> <span class='ocrx_word' id='word_1_185' title='bbox 550 1770 647 1809; x_wconf 85' lang='lat' dir='ltr'>inter</span> <span class='ocrx_word' id='word_1_186' title='bbox 679 1769 908 1822; x_wconf 86' lang='lat' dir='ltr'>temperiem</span> <span class='ocrx_word' id='word_1_187' title='bbox 943 1780 1055 1821; x_wconf 79' lang='lat' dir='ltr'>aquae</span> <span class='ocrx_word' id='word_1_188' title='bbox 1086 1778 1125 1806; x_wconf 88' lang='lat' dir='ltr'>et</span> <span class='ocrx_word' id='word_1_189' title='bbox 1155 1768 1251 1806; x_wconf 73' lang='lat' dir='ltr'>aeris</span> <span class='ocrx_word' id='word_1_190' title='bbox 1284 1776 1320 1806; x_wconf 90' lang='lat' dir='ltr'>et</span> <span class='ocrx_word' id='word_1_191' title='bbox 1338 1764 1477 1805; x_wconf 64' lang='lat' dir='ltr'>inuerfii</span> <span class='ocrx_word' id='word_1_192' title='bbox 1519 1765 1609 1805; x_wconf 84' lang='lat' dir='ltr'>mas</span> <span class='ocrx_word' id='word_1_193' title='bbox 1611 1796 1615 1798; x_wconf 47' lang='grc'>,</span> 
     </span>
     <span class='ocr_line' id='line_1_28' title="bbox 308 1829 1616 1887; baseline -0.008 -10"><span class='ocrx_word' id='word_1_194' title='bbox 308 1838 446 1877; x_wconf 80' lang='lat' dir='ltr'>sarum.</span> <span class='ocrx_word' id='word_1_195' title='bbox 513 1831 589 1887; x_wconf 86' lang='lat'>(2)</span> <span class='ocrx_word' id='word_1_196' title='bbox 643 1831 732 1872; x_wconf 91' lang='lat' dir='ltr'>hinc</span> <span class='ocrx_word' id='word_1_197' title='bbox 768 1832 926 1872; x_wconf 89' lang='lat' dir='ltr'>deduxit</span> <span class='ocrx_word' id='word_1_198' title='bbox 947 1865 956 1882; x_wconf 81' lang='lat'>,</span> <span class='ocrx_word' id='word_1_199' title='bbox 1009 1830 1232 1871; x_wconf 85' lang='lat' dir='ltr'>differentias</span> <span class='ocrx_word' id='word_1_200' title='bbox 1265 1829 1538 1882; x_wconf 86' lang='lat' dir='ltr'>temperierum</span> <span class='ocrx_word' id='word_1_201' title='bbox 1558 1829 1616 1868; x_wconf 81' lang='lat' dir='ltr'>in-</span> 
     </span>
     <span class='ocr_line' id='line_1_29' title="bbox 309 1891 1616 1952; baseline -0.007 -12"><span class='ocrx_word' id='word_1_202' title='bbox 309 1910 367 1940; x_wconf 83' lang='lat' dir='ltr'>ter</span> <span class='ocrx_word' id='word_1_203' title='bbox 399 1898 627 1952; x_wconf 88' lang='lat' dir='ltr'>temperiem</span> <span class='ocrx_word' id='word_1_204' title='bbox 662 1908 778 1950; x_wconf 81' lang='lat' dir='ltr'>aquae</span> <span class='ocrx_word' id='word_1_205' title='bbox 810 1905 849 1934; x_wconf 90' lang='lat' dir='ltr'>et</span> <span class='ocrx_word' id='word_1_206' title='bbox 881 1896 975 1935; x_wconf 68' lang='lat' dir='ltr'>aeris</span> <span class='ocrx_word' id='word_1_207' title='bbox 993 1929 1002 1947; x_wconf 82' lang='lat'>‚</span> <span class='ocrx_word' id='word_1_208' title='bbox 1039 1897 1077 1935; x_wconf 84' lang='lat' dir='ltr'>in</span> <span class='ocrx_word' id='word_1_209' title='bbox 1113 1894 1297 1947; x_wconf 82' lang='lat' dir='ltr'>temperie</span> <span class='ocrx_word' id='word_1_210' title='bbox 1331 1893 1424 1932; x_wconf 74' lang='lat' dir='ltr'>aeris</span> <span class='ocrx_word' id='word_1_211' title='bbox 1442 1891 1616 1932; x_wconf 84' lang='lat' dir='ltr'>constan-</span> 
     </span>
     <span class='ocr_line' id='line_1_30' title="bbox 309 1954 1616 2016; baseline -0.006 -11"><span class='ocrx_word' id='word_1_212' title='bbox 309 1965 366 2016; x_wconf 77' lang='lat' dir='ltr'>ti,</span> <span class='ocrx_word' id='word_1_213' title='bbox 402 1961 638 2015; x_wconf 87' lang='lat' dir='ltr'>temporibus</span> <span class='ocrx_word' id='word_1_214' title='bbox 673 1959 878 2000; x_wconf 89' lang='lat' dir='ltr'>secundum</span> <span class='ocrx_word' id='word_1_215' title='bbox 913 1959 1195 1999; x_wconf 84' lang='lat' dir='ltr'>arithmeticam</span> <span class='ocrx_word' id='word_1_216' title='bbox 1230 1954 1531 2009; x_wconf 72' lang='lat' dir='ltr'>progressionem</span> <span class='ocrx_word' id='word_1_217' title='bbox 1564 1955 1616 1997; x_wconf 72' lang='lat' dir='ltr'>se·</span> 
     </span>
    </p>
   </div>
   <div class='ocr_carea' id='block_1_5' title="bbox 312 2019 1618 2124">
    <p class='ocr_par' dir='ltr' id='par_1_5' title="bbox 312 2019 1618 2124">
     <span class='ocr_line' id='line_1_31' title="bbox 312 2019 1615 2081; baseline -0.008 -12"><span class='ocrx_word' id='word_1_218' title='bbox 312 2026 349 2069; x_wconf 85' lang='lat' dir='ltr'>se</span> <span class='ocrx_word' id='word_1_219' title='bbox 394 2023 669 2081; x_wconf 83' lang='lat' dir='ltr'>excipientibus</span> <span class='ocrx_word' id='word_1_220' title='bbox 687 2054 698 2076; x_wconf 80' lang='lat'>,</span> <span class='ocrx_word' id='word_1_221' title='bbox 746 2023 947 2065; x_wconf 84' lang='lat' dir='ltr'>secundum</span> <span class='ocrx_word' id='word_1_222' title='bbox 993 2019 1291 2077; x_wconf 72' lang='lat' dir='ltr'>progressionem</span> <span class='ocrx_word' id='word_1_223' title='bbox 1339 2019 1615 2073; x_wconf 84' lang='lat' dir='ltr'>geometricam</span> 
     </span>
     <span class='ocr_line' id='line_1_32' title="bbox 1550 2083 1618 2124; baseline -0.015 0"><span class='ocrx_word' id='word_1_224' title='bbox 1550 2083 1618 2124; x_wconf 81' lang='lat' dir='ltr'>de-</span> 
     </span>
    </p>
   </div>
  </div>
 </body>
</html>
