1820 2506
530 192 832 241 SPECJMEN
862 192 1099 241 PRIMUM
1382 210 1474 250 295

151 313 318 359 incidens
335 322 373 357 et
390 313 557 357 reflexus
577 317 677 359 inter
694 318 742 371 se,
762 316 910 372 semper
926 315 1089 371 aequalis
1107 314 1159 357 est
1184 311 1305 370 duplo
1331 315 1473 370 angulo

151 381 417 433 inclinationis,
439 380 503 422 hic
523 383 697 437 aequabit
716 385 897 436 angulum
925 381 1190 423 declinationis
1218 381 1282 421 vel
1305 381 1473 422 altitudi-

148 445 208 485 nis
226 444 313 486 solis
330 445 436 499 supra
454 444 717 500 horizontem,
737 447 906 501 adeoque
926 447 1047 487 radius
1063 446 1229 487 reflexus
1253 446 1394 487 iterum
1411 458 1475 486 re·

147 507 244 548 dibit
263 510 302 548 in
322 509 420 549 linea
446 508 694 551 horizontali.
731 511 887 552 Redibit
905 523 1059 564 quoque
1075 510 1279 551 secundum
1298 509 1474 564 quamuis

147 569 259 613 aliam
286 572 564 626 directionem,
599 586 714 627 quam
733 574 865 614 habuit
883 574 982 614 linea
1000 587 1025 614 a
1044 572 1084 614 h.

287 637 322 686 ξ.
358 645 399 685 7.
435 632 541 677 Cum
574 649 672 677 vero
706 636 886 678 machina
920 647 1074 679 vtamur
1107 638 1146 678 in
1178 636 1339 692 sphaera
1372 636 1475 678 obli-

147 711 219 755 qua
238 733 249 753 ,
283 699 440 755 planum
474 700 604 741 circuli
637 701 762 741 diurni
796 702 842 742 ad
861 701 1021 756 planum
1054 702 1267 756 aequatoris
1298 702 1476 743 reddatur

146 764 366 819 parallelum
411 764 437 804 i.
489 777 523 805 e.
568 765 776 806 inclinetur
817 766 865 806 ad
908 765 1169 807 eleuationem
1231 767 1444 820 aequatoris
1461 799 1474 819 ,

146 839 230 869 tum
263 827 406 882 reliqua
437 839 641 870 momenta
675 831 775 871 iuter
808 830 844 870 se
877 831 1059 871 eamdem
1078 830 1300 871 retinebunt
1316 830 1473 871 relatio-

144 904 238 933 nem
271 901 311 933 et
343 892 517 934 distantia
549 905 668 947 aeque
701 907 746 934 ac
779 894 945 934 altitudo
964 895 1087 934 centri
1106 894 1245 947 speculi
1271 894 1317 933 ad
1337 905 1470 947 quam-

143 957 204 996 vis
234 956 534 998 declinationem
569 955 656 997 solis
687 957 754 998 vel
772 957 949 1011 planetae
966 969 1037 1011 per
1056 957 1399 1010 trigonometriam
1417 956 1467 997 ta-

141 1019 216 1061 cile
232 1022 378 1076 poterit
405 1021 681 1074 determinari,
724 1021 762 1062 id
789 1022 893 1075 quod
920 1022 959 1062 in
977 1021 1157 1062 machina
1175 1053 1187 1074 ,
1223 1021 1270 1062 ad
1298 1020 1470 1064 nostram

142 1083 405 1127 eleuationem
424 1086 638 1139 aequatoris
655 1086 871 1140 composita
891 1118 901 1138 ‚
926 1085 1064 1126 deinde
1091 1085 1431 1139 suppeditabimus.

293 1148 328 1197 ξ.
371 1154 409 1191 8.
447 1149 648 1203 Quoniam
678 1149 748 1188 cel.
784 1147 1002 1191 Grauesand
1035 1148 1256 1189 heliostatae
1289 1149 1374 1190 suae
1405 1162 1473 1191 au«

143 1211 352 1254 tomaticae
383 1212 602 1253 structuram
637 1213 830 1254 internam
864 1224 946 1253 non
980 1212 1250 1254 determinauit
1290 1213 1350 1254 sed
1394 1213 1473 1254 ho-

142 1276 364 1331 tologipoei
403 1276 548 1318 iudicio
585 1276 740 1332 reliquit
760 1309 773 1331 ,
821 1289 892 1318 nos
932 1289 1031 1327 ,eam
1083 1276 1148 1318 hic
1199 1276 1467 1332 subiungimus.

142 1341 227 1383 Fiat
245 1342 371 1396 itaque
396 1344 437 1393 1)
456 1336 652 1395 horologii
672 1340 784 1383 theca
800 1354 853 1383 ex
876 1341 1016 1383 duabus
1033 1341 1183 1383 laminis
1209 1342 1401 1396 quadratis
1435 1355 1468 1392 4

141 1405 301 1461 pollices
324 1406 409 1448 latis
426 1439 438 1460 ,
467 1405 600 1460 quibus
623 1415 795 1448 rotarum
822 1419 915 1447 axes
932 1406 1110 1447 insinuari
1135 1405 1289 1461 posfint.
1334 1406 1465 1448 Vnam

141 1469 278 1511 harum
295 1469 384 1512 sistit
402 1470 526 1512 abed
544 1468 586 1526 2)
606 1471 710 1513 Rota
735 1471 861 1526 prima
888 1468 968 1525 (das
991 1468 1304 1526 Schneckenrad)
1332 1470 1470 1512 instru-

141 1543 226 1575 atur
243 1534 416 1576 dentibus
434 1538 492 1585 48
514 1535 754 1589 eiusdemque
771 1536 838 1576 axi
857 1534 1031 1589 affigatur
1048 1547 1167 1576 conus
1185 1544 1377 1575 truncatus
1394 1547 1466 1576 co-

142 1597 360 1656 chleatusf,
377 1599 481 1640 cuius
498 1598 614 1640 sulcus
639 1611 758 1640 vnam
785 1607 825 1640 et
841 1599 1042 1640 dimidiam
1070 1599 1220 1640 circiter
1245 1599 1461 1641 conuerfio*
1504 1614 1571 1646 m,

1603 1616 1662 1650 lx.

141 1674 236 1704 nem
253 1661 375 1704 faciat.
411 1663 515 1705 Huic
534 1662 638 1705 sulco
656 1662 828 1704 catenula
846 1663 912 1704 vel
937 1663 1083 1705 chorda
1099 1677 1132 1717 g
1158 1664 1353 1716 inseritur,
1388 1676 1463 1719 qua
1512 1658 1574 1696 ΡΨ
1602 1667 1629 1697 ⁵·

143 1727 334 1768 mediante
361 1727 403 1767 vi
429 1727 575 1768 elateris
606 1728 646 1768 in
682 1727 834 1782 capsula
865 1727 1075 1780 cylindrica
1100 1726 1128 1769 h
1154 1727 1285 1768 inclusi
1311 1738 1394 1769 rota
1422 1728 1463 1769 in

142 1802 298 1831 motum
340 1792 566 1832 concitatur.
641 1789 683 1847 3)
719 1793 825 1835 Rota
858 1790 955 1833 haec
986 1793 1112 1847 prima
1144 1791 1321 1846 impellat
1355 1801 1462 1845 tym-

142 1866 288 1908 panum
319 1854 493 1896 dentium
550 1867 602 1894 12
653 1856 800 1900 alterius
832 1866 941 1898 rotae
971 1857 992 1898 k
1044 1856 1219 1897 dentium
1273 1859 1343 1903 36.
1410 1859 1460 1909 4)

144 1918 252 1960 Haec
295 1919 470 1974 impellat
517 1928 749 1975 tympanum
797 1921 970 1962 dentium
1016 1923 1047 1958 6
1097 1930 1206 1961 rotae
1248 1921 1383 1961 tertiae
1423 1933 1461 1964 m

144 1983 320 2024 dentium
359 1996 416 2035 42
438 2017 449 2036 ,
491 1984 595 2025 cuius
636 1985 721 2026 axis
760 1985 926 2025 indicem
967 1983 1065 2038 gerit
1105 1986 1345 2026 minutorum
1380 1986 1458 2039 pri-

146 2060 303 2088 morum
390 2054 432 2099 ς)
466 2048 573 2090 Haec
605 2049 836 2103 circumagat
876 2056 1003 2089 rotam
1045 2060 1218 2103 quartam
1258 2058 1296 2089 et
1337 2049 1457 2090 medi,

146 2122 236 2154 ante
267 2110 341 2154 hac
373 2112 545 2168 quintam
564 2145 576 2167 ,
606 2126 766 2170 quarum
799 2112 998 2157 ambarum
1032 2122 1264 2172 tympanum
1282 2114 1459 2155 dentibus

1426 2179 1458 2216 6
