1820 2506
317 167 776 237 OBSERVATIONES
817 171 1217 220 ANATOMICAE
1343 178 1428 234 ³63

115 302 166 332 ex
208 288 285 331 lata
325 298 366 330 et
407 288 608 331 orbiculari
649 288 723 331 bafi
761 288 809 330 ad
847 288 1092 343 diaphragma
1134 289 1249 343 {urgit
1279 288 1319 329 in
1352 291 1429 343 api-

113 366 202 394 cem
245 353 422 395 obtusum
443 383 455 402 ‚
493 351 704 394 firmiffime
754 352 870 393 tensus
888 383 898 403 ,
930 352 1032 393 haud
1073 354 1126 393 ita
1157 353 1262 394 laxus
1312 353 1433 406 perci-

112 418 275 471 piendus
296 450 307 470 ,
349 430 393 458 ac
427 417 464 457 in
496 427 630 470 aperto
671 416 831 458 thorace
870 415 1106 471 conspicitur
1146 417 1186 457 in
1222 417 1431 459 cadauere:

112 480 226 522 docet
260 482 300 522 id
334 479 454 521 tensio
494 479 792 535 diaphragmatis
810 512 821 532 ,
864 480 1034 535 pectoris
1075 480 1276 534 plenitudo
1295 514 1306 533 ‚
1348 492 1434 521 me-

112 544 262 585 diastini
295 545 336 584 in
369 543 554 584 elenando
596 544 722 585 sterno
763 541 912 585 diffecn
952 544 1060 598 prior
1098 544 1304 598 integritas.
1336 543 1433 586 Sunt

113 610 222 650 enim
267 607 386 648 ambo
433 607 656 647 mediastina
677 640 688 659 ‚
738 607 883 648 dorsale
931 607 1072 648 scilicet
1122 616 1162 647 et
1207 608 1403 662 peetorale
1421 640 1431 660 ,

113 673 308 726 Vtriusque
331 670 425 711 sacci
457 670 704 711 membranae
736 670 941 712 thoracem
981 669 1233 724 succingentis
1265 672 1312 713 ad
1343 673 1435 713 dor-

111 734 195 777 sum
259 744 299 775 et
339 734 508 774 stemum
556 734 740 788 applicati
786 733 1029 788 exsurgentia
1076 737 1289 776 conniuens
1304 769 1316 788 ‚
1362 748 1435 789 per

111 807 268 852 tegmen
300 796 521 838 cellulosum
552 798 681 839 iuncta
704 828 716 850 ‚
750 798 791 838 in
824 799 1026 852 pericardii
1059 799 1330 841 membranam
1361 811 1434 840 ex-

112 863 294 903 teriorem
312 862 451 903 iterum
470 861 623 902 extensa
641 894 654 914 ,
688 874 783 915 quae
810 863 956 903 inviuo
996 861 1163 902 homine
1195 862 1304 914 fimo,
1335 863 1433 903 etin

111 926 264 979 integro
305 927 489 967 cadauere
530 937 666 965 cauum
707 937 789 964 non
829 925 972 965 habent
991 956 1002 976 ‚
1043 933 1084 963 et
1123 925 1195 965 vix
1228 925 1433 965 dimetien-

109 989 199 1031 dam
233 989 457 1031 distantiam.
525 987 718 1028 Tenditur
751 1000 843 1041 ergo
885 987 1138 1043 pericardium
1172 987 1221 1028 ab
1249 988 1435 1043 oppofito

109 1052 224 1094 latere
241 1086 252 1105 ‚
303 1065 372 1106 per
421 1050 676 1105 mediastin23
736 1050 880 1092 inferne
930 1064 1000 1105 per
1031 1049 1288 1105 assurgentem
1330 1052 1434 1094 basin

108 1117 362 1159 orbicularem
382 1147 393 1168 ,
425 1126 520 1169 quae
558 1115 598 1154 in
630 1126 850 1155 connexam
896 1124 1074 1156 curuatur
1113 1124 1154 1155 et
1188 1117 1224 1155 se
1257 1116 1432 1170 diaphra-

109 1180 230 1233 gmati
279 1177 575 1219 accommodans
633 1177 798 1218 declinat
844 1178 1061 1220 retrorsum.
1131 1176 1284 1220 Sursum
1334 1191 1433 1221 vero

110 1242 283 1296 iugulum
317 1241 442 1283 versus
471 1240 694 1282 adscendens
725 1242 950 1283 terminatur
989 1253 1094 1283 cono
1128 1241 1261 1283 obtuso
1294 1242 1342 1283 ad
1375 1243 1431 1284 di-

109 1305 301 1347 vifionem
351 1305 517 1360 primam
568 1304 743 1345 tracheae
760 1337 772 1357 ,
820 1315 861 1346 et
895 1315 989 1346 ante
1031 1304 1130 1346 hanc
1150 1338 1161 1358 ,
1201 1314 1242 1348 et
1282 1305 1430 1348 ibidem

107 1368 307 1412 extensum
347 1379 500 1410 tenetur
537 1381 607 1423 per
646 1378 794 1409 aortam
813 1401 825 1422 ,
866 1382 982 1424 quam
1012 1369 1158 1410 emittit
1198 1382 1221 1411 a
1252 1369 1400 1412 finistro
1416 1401 1431 1423 ‚

111 1443 151 1475 et
189 1445 324 1474 cauam
368 1432 658 1473 descendentem
698 1445 837 1474 venam
857 1465 869 1486 ,
911 1446 1027 1488 quam
1076 1433 1219 1487 recipit
1254 1446 1276 1474 a
1314 1434 1433 1475 latere

108 1498 253 1538 dextro
271 1530 283 1548 ,
323 1496 438 1551 paulo
481 1496 691 1550 posteriora
730 1496 855 1538 versus
897 1510 967 1552 per
998 1506 1208 1539 exeuntem
1251 1499 1433 1540 arteriam

111 1560 375 1615 pulmonalem
393 1593 405 1613 ,
440 1569 480 1600 et
510 1559 708 1601 redeuntes
748 1559 838 1600 duas
879 1573 1034 1613 magnas
1075 1572 1191 1601 venas
1209 1593 1220 1612 ‚
1255 1574 1352 1615 qnae
1383 1561 1432 1603 si-

110 1637 203 1666 num
237 1624 448 1675 sinistrum,
483 1623 543 1663 seu
577 1624 707 1676 potins
745 1623 785 1662 in
827 1624 991 1664 homine
1039 1623 1295 1677 posteriorem
1314 1657 1326 1676 ,
1355 1637 1430 1665 ex-

110 1689 244 1742 pansae
275 1687 521 1733 constituunt.
588 1686 698 1726 Vena
741 1699 834 1727 caua
875 1697 1001 1728 autem
1044 1699 1096 1727 ex
1134 1687 1343 1727 vabdomine
1375 1687 1432 1726 as-

112 1752 259 1804 surgens
300 1750 463 1804 perforat
502 1750 751 1803 diaphragma
788 1752 827 1792 in
872 1761 979 1804 parte
1022 1749 1217 1790 tendinosa
1264 1749 1400 1790 dextra
1419 1785 1430 1803 ἲ

114 1815 153 1855 in
203 1813 371 1858 distantia
407 1813 557 1854 circiter
596 1814 723 1854 media
764 1814 953 1855 vertebras
1001 1814 1097 1853 inter
1138 1822 1177 1852 et
1229 1813 1399 1855 stemum
1417 1847 1429 1870 ‚

112 1887 225 1931 atque
276 1877 483 1931 ingreditur
553 1878 802 1929 pericardium
838 1911 850 1930 ‚
901 1877 1028 1917 secum
1094 1877 1241 1917 sumens
1282 1888 1430 1931 partem

116 1943 359 1985 membranae
377 1973 388 1992 ,
431 1952 525 1994 quae
564 1953 783 1981 connexam
827 1942 992 1981 tendinis
1031 1940 1121 1993 septi
1157 1942 1277 1982 medii
1306 1942 1431 1996 super-

116 2004 243 2046 ficiem
276 2003 474 2057 succingit,
508 2005 666 2057 vaginae
701 2005 812 2048 instar
845 2005 1074 2045 ambientem
1096 2037 1106 2054 ‚
1144 2005 1251 2056 super
1274 2005 1310 2045 se
1342 2016 1430 2046 ten-

116 2068 194 2111 sam
211 2101 225 2124 ,
256 2076 370 2126 atque
401 2067 537 2111 deinde
569 2069 609 2111 in
641 2067 762 2112 finum
800 2068 984 2111 venosum
1026 2068 1261 2109 anteriorem
1295 2069 1430 2110 dilata·

679 2127 720 2175 Z
751 2143 776 2175 z
812 2144 833 2172 a
1367 2141 1430 2172 tur
