1820 2506
384 191 469 229 282
542 178 622 226 DE
649 179 865 227 INSIGNI
893 177 1261 228 PARADOXON
1291 180 1574 241 PHYSICOE

383 311 488 346 eunt.
555 299 597 343 Si
628 313 721 355 ergo
763 301 909 356 spiritus
950 301 1064 342 tereb.
1108 302 1294 344 verticem
1327 305 1409 346 tubi
1449 305 1562 359 plane
1604 301 1691 346 atti-⁷

383 369 440 421 git
459 399 470 418 ,
503 374 549 406 vt
581 366 891 419 experimentum
926 365 1057 406 docuit
1089 362 1231 407 Clariis.
1265 366 1379 408 Hales
1396 399 1406 419 ,
1438 369 1579 409 exinde
1609 380 1693 408 ma-

385 431 460 472 iori
494 442 584 470 cum
617 430 786 470 veritatis
817 429 938 482 specie
970 428 1145 469 concludi
1179 427 1289 483 poffe
1305 430 1468 482 videtu-r,
1493 431 1694 485 particulas

389 494 485 535 aeris
525 494 577 533 ita
617 505 751 545 paruas
789 491 902 533 fiidtas
919 525 930 545 ,
970 502 1017 532 vt
1057 493 1209 535 tandem
1249 505 1319 547 per
1357 505 1474 547 poros
1507 494 1569 534 vel
1600 493 1693 534 vitri

387 557 455 598 vel
486 557 667 598 mercurii
701 555 766 595 vel
798 557 988 610 Vtriusque
1022 557 1232 598 transierint
1264 565 1304 597 et
1351 556 1498 612 spiritui
1531 557 1694 599 terebin-

391 620 520 662 thinae
552 629 592 661 et
624 620 816 660 mercurio
849 619 988 676 locum.
1011 618 1277 661 concefferint.

540 684 575 733 ξ.
617 687 685 723 ιὸ.
721 681 823 724 Cum
857 683 952 725 haec
982 684 1189 726 admodum
1224 682 1383 738 speciosa
1407 683 1507 726 mihi
1539 683 1698 726 videan-

389 759 452 791 tur
465 778 482 801 -‚
513 747 763 802 repetendum
795 756 891 801 puto
924 750 1231 800 experimentum
1261 760 1352 789 cum
1386 747 1552 802 sphaeris
1572 749 1696 790 diuer-

388 814 436 856 ᾖε
452 845 464 865 ,
495 824 651 866 quarum
694 812 852 864 parietes
891 811 1048 852 craffitie
1088 812 1298 864 discrepent
1316 844 1327 864 ,
1368 820 1413 851 vt
1453 820 1578 865 pateat
1596 844 1607 863 ,
1647 823 1698 853 an

390 876 592 925 ‘volumina
625 875 721 915 aeris
751 875 837 929 post
869 874 1190 928 compressionem
1223 874 1297 917 fint
1325 882 1370 915 vt
1401 875 1500 915 vires
1526 875 1700 928 compri-

392 947 542 982 mentes
580 938 739 978 inuer-se.
819 938 951 979 Tubus
989 939 1132 979 vitreus
1164 939 1205 978 iu
1243 937 1376 979 medio
1415 938 1593 992 capacior
1634 938 1700 979 ad-

393 1003 566 1046 hibeatur
584 1034 596 1054 ,
629 1010 675 1041 vt
707 1001 821 1055 spatia
855 1003 951 1042 aeris
979 1002 1111 1043 melius
1144 1002 1359 1055 comparari
1387 1001 1529 1055 ¹poffiut
1558 1001 1704 1042 maiori

394 1066 604 1120 quantitate
636 1065 732 1105 aeris
769 1063 988 1118 comprefl'a
1020 1075 1060 1105 et
1092 1078 1136 1106 ea
1168 1066 1323 1118 quidem
1356 1078 1470 1119 quam
1499 1065 1580 1119 ipse
1619 1064 1703 1106 ‘sua-

393 1131 459 1169 det
493 1126 621 1167 Celeb.
661 1136 771 1166 autor
807 1129 1086 1180 praecautione.
1152 1127 1376 1168 Obseruauit
1416 1129 1522 1168 enim
1562 1141 1701 1182 aquam

393 1192 436 1235 in
465 1190 603 1233 medio
634 1188 811 1244 sphaerae
840 1190 881 1231 in
916 1190 1076 1244 glaciem
1116 1202 1198 1230 non
1238 1188 1366 1230 abiiffe
1384 1221 1395 1241 ,
1428 1199 1469 1229 et
1495 1189 1704 1232 hinciudi-
1765 1187 1769 1192 ’

395 1254 496 1298 cauit
522 1252 657 1295 tubum
690 1254 856 1295 vitreum
888 1267 978 1295 cum
1011 1253 1138 1308 phiala
1155 1286 1166 1306 ‚
1207 1253 1235 1295 si
1269 1266 1312 1294 m
1350 1253 1487 1293 medio
1521 1253 1707 1307 ⁴sphaerae

394 1321 468 1361 rite
482 1318 695 1360 fulciretur
710 1350 721 1371 ,
757 1317 854 1358 nulli
886 1327 1062 1372 rupturae
1080 1318 1252 1371 periculo
1285 1316 1502 1358 obnoxium
1535 1316 1704 1361 futurum

395 1393 435 1425 et
469 1383 517 1424 fic
549 1382 787 1423 altitudinem
816 1380 924 1422 fluidi
955 1383 994 1421 in
1026 1382 1161 1421 tubum
1194 1379 1473 1434 compressione
1505 1381 1641 1422 eleuati
1667 1392 1706 1423 et

394 1447 583 1488 volumen
616 1447 713 1486 ae'ris
745 1444 950 1500 compress‘i
982 1445 1066 1499 post
1099 1455 1250 1499 ruptam
1283 1443 1480 1498 sphaeram
1506 1446 1705 1498 proditum

397 1512 444 1552 iri
485 1510 617 1551 colore
657 1508 836 1550 coemleo
855 1541 867 1562 ,
908 1522 987 1564 quo
1028 1509 1191 1564 parietes
1230 1508 1310 1550 tubi
1346 1508 1486 1549 interni
1520 1507 1704 1550 maculati

398 1574 589 1616 deberent.

548 1638 583 1687 ξ.
631 1651 699 1678 11.
744 1634 785 1678 Si
825 1637 1138 1691 experimentum
1179 1636 1342 1678 sticcedit
1382 1647 1421 1678 et
1458 1636 1498 1692 1)
1541 1635 1703 1678 altitudo

399 1702 564 1744 ascensus
593 1701 679 1756 spir.
715 1701 831 1742 tereb.
869 1701 1031 1742 colorati
1065 1702 1104 1741 in
1136 1701 1242 1752 tubo⁷
1276 1701 1360 1754 post
1392 1701 1548 1742 frattam
1573 1700 1704 1754 sphae»

398 1780 483 1808 ram
514 1765 672 1807 ferream
707 1764 863 1817 illibato,
898 1765 1171 1818 consequenter
1203 1764 1359 1818 spatium
1379 1767 1473 1805 aeris
1493 1763 1578 1818 post
1593 1776 1707 1806 com-

399 1829 630 1885 pressionem
662 1827 864 1869 innotescit
882 1861 892 1880 ,
925 1839 963 1868 et
998 1834 1040 1881 2)
1070 1828 1227 1882 spatium
1262 1827 1356 1869 istud
1389 1829 1441 1868 est
1480 1827 1623 1868 inuerse
1663 1837 1708 1868 vt

401 1895 458 1935 vis
492 1906 684 1947 premens,
716 1892 744 1933 si
779 1890 822 1947 3)
857 1895 924 1933 ae'r
957 1893 997 1932 in
1030 1892 1121 1932 tubo
1152 1893 1282 1932 vitreo
1314 1891 1594 1945 compreffione
1632 1891 1705 1931 ces-

399 1956 500 1997 fimte
532 1958 634 1998 idem
666 1956 854 1997 volumen
883 1957 1025 1997 iterum
1058 1955 1172 1995 habet
1191 1988 1201 2006 ‚
1235 1956 1338 2008 quod
1387 1965 1475 1995 ante
1516 1953 1705 2008 compress

400 2021 547 2060 sionem
596 2020 757 2060 habebat
776 2053 786 2071 ‚
836 2032 916 2060 non
967 2019 1213 2059 dubitandum
1255 2019 1309 2058 est
1357 2019 1518 2072 amplius
1562 2019 1610 2058 de
1643 2018 1708 2070 iis,

398 2094 496 2138 quae
530 2081 704 2124 Celeber.
739 2083 854 2125 Hales
905 2080 1063 2123 asseruit.
1138 2080 1180 2125 Si
1213 2093 1310 2124 vcro
1353 2092 1455 2124 totus
1496 2082 1605 2124 tubus
1644 2093 1707 2121 vs-

1638 2157 1713 2200 que
