1820 2506
401 182 425 222 3
435 176 490 213 26
723 173 996 217 HISTORIA
1028 171 1386 219 ANATOMICA

387 300 549 344 autem,
582 305 637 333 ex
668 302 832 347 Vtroque
870 305 959 334 arcu
1001 291 1198 346 Vtrimque
1240 292 1478 347 formatum,
1513 295 1702 335 insereba-

387 367 450 397 tur
480 369 648 396 coronae
678 357 834 410 glandi,
869 357 931 398 sed
965 356 1006 395 in
1039 358 1204 410 medio,
1246 357 1313 398 vbi
1347 360 1410 398 iub
1440 360 1509 399 illo
1542 359 1701 400 vrethra

177 431 221 466 (1)
236 430 303 462 τεὴ.
320 434 372 465 xl.
387 420 541 461 transire
581 421 689 474 solet,
729 422 948 475 deliquium
987 422 1204 474 patiebatur
1238 420 1286 476 (1
1307 432 1338 470 ):
1374 423 1413 464 id
1446 424 1532 463 inde
1567 424 1697 476 fiebat,

224 473 303 513 ΕΜ
323 476 369 504 Ἠ
387 486 476 538 quia
518 497 570 524 eo
607 486 698 526 loco
714 486 950 527 semicanalis
968 485 1147 526 vrethrae
1164 486 1385 539 desinebat,
1417 486 1601 555 glandem
1617 501 1698 528 non

387 549 600 602 perforans.
652 550 821 592 Vrethra
860 561 1006 603 nempe
1024 582 1035 602 ,
1073 563 1147 605 qua
1198 561 1307 604 parte
1340 551 1409 591 illa
1441 550 1506 592 sub
1537 552 1697 593 coniun-

388 613 520 654 ‹stione
556 614 694 655 Offium
727 615 836 668 pubis
869 615 1063 666 emergit,
1096 627 1213 669 atque
1246 615 1343 655 infra
1374 627 1538 668 corpora
1571 628 1703 657 cauer-

384 678 474 718 nosa
508 679 620 732 penis
654 679 822 720 decurrit
839 712 849 731 ,
891 681 999 721 iuxta
1046 678 1330 733 longitudinem
1367 679 1468 733 quasi
1507 689 1701 721 transuer-

381 741 454 781 sim
505 741 659 783 desciffa
685 776 696 795 ,
755 754 863 796 parte
915 741 1073 784 diffedta
1124 743 1248 784 ablata
1274 777 1285 796 ,
1339 741 1533 785 formabat
1584 743 1702 785 semi-

382 805 558 846 canalem
603 820 624 846 a
660 809 844 861 perinaeo
884 809 930 848 ad
965 807 1146 860 glandem
1180 808 1414 861 exporredta
1431 841 1441 859 ,
1476 818 1591 863 atque
1627 807 1696 848 ibi-

168 869 364 908 (a)1=ig.3.ffl
383 869 476 909 dem
517 871 710 912 desinebat
753 870 842 926 (2).
888 872 935 912 In
975 880 1086 925 parte
1128 881 1260 911 autem
1311 870 1491 911 inferiore
1539 871 1708 913 vrethra*

382 933 431 973 ad
474 934 701 987 perinaeum
734 935 944 975 exhibebat
986 935 1161 975 canalem
1196 939 1412 988 integrum,
1447 937 1536 977 inde
1569 948 1620 975 eo
1638 935 1694 975 lo-

381 1008 431 1036 co
464 1010 484 1037 a
519 998 696 1038 lateribus
730 1000 922 1051 parietum
973 998 1208 1038 semicanalis
1265 1008 1306 1038 et
1335 1000 1383 1039 ab
1413 1001 1560 1040 ambitu
1593 999 1694 1053 peri-

378 1061 466 1100 naei
501 1062 664 1115 integri,
696 1062 933 1102 formabatur
972 1063 1148 1102 foramen
1178 1062 1293 1103 ouale
1310 1096 1320 1115 ,
1353 1076 1400 1102 ea
1434 1064 1603 1117 perfedte
1636 1075 1698 1103 ra-

378 1126 486 1163 tione
502 1157 513 1176 ,
546 1137 592 1164 ac
624 1125 715 1164 illud
749 1134 834 1164 tum
869 1125 990 1163 oritur
1022 1125 1061 1163 in
1091 1125 1245 1164 calamo
1278 1126 1497 1179 scriptorio,
1529 1127 1697 1179 quando,

376 1188 422 1228 ad
474 1187 585 1227 illum
624 1188 760 1228 litteris
797 1188 1001 1228 exarandis
1050 1188 1331 1241 adaptandum,
1382 1199 1531 1243 partem
1577 1190 1696 1230 dimi-

171 1263 312 1302 (3>ibid.1
375 1253 481 1293 diam
516 1252 655 1292 canalis
685 1251 896 1293 auferemus
929 1255 1016 1303 (31).
1052 1252 1124 1292 Per
1157 1252 1234 1293 hoc
1267 1252 1443 1294 foramen
1479 1253 1589 1294 tubus
1619 1254 1697 1294 im·-

374 1315 507 1357 miffus
553 1317 729 1357 transibat
769 1317 834 1357 sub
881 1317 1107 1370 perinaeum
1125 1351 1136 1371 ‚
1184 1327 1298 1371 atque
1345 1331 1416 1372 per
1456 1318 1570 1359 illum
1604 1320 1709 1359 a'e're-

372 1381 509 1421 infiato
543 1413 554 1432 ⁷
606 1381 822 1422 eleuabatur
864 1380 971 1435 supra
1010 1379 1091 1420 offa
1123 1382 1234 1436 pubis
1280 1381 1414 1422 leniter
1464 1383 1693 1423 abdomen:

372 1446 476 1485 vnde
518 1445 645 1485 statim
690 1446 995 1497 concludebam,
1031 1442 1108 1485 effe
1137 1446 1315 1487 foramen
1348 1446 1424 1487 hoc
1458 1446 1636 1487 vrethrae
1654 1460 1692 1488 a-

370 1520 595 1561 perturam,
632 1523 712 1548 non
747 1511 907 1561 vuluae,
943 1512 1029 1562 quia
1064 1521 1192 1550 vterus
1231 1524 1311 1550 non
1343 1521 1427 1551 tam
1459 1511 1566 1551 facile
1596 1511 1690 1552 flatu

368 1573 587 1613 extenditur
637 1585 679 1613 ac
731 1574 851 1614 vesica
868 1606 879 1624 ,
918 1586 1068 1627 neque,
1109 1583 1153 1614 vt
1184 1574 1278 1616 haec
1297 1607 1308 1627 ,
1343 1575 1535 1616 abdomen
1568 1573 1692 1615 eleuat

367 1645 457 1677 tunc
476 1670 487 1690 ,
530 1637 582 1676 ob
615 1637 765 1677 molem
807 1638 1016 1677 minorem.

153 1702 353 1742 <4‘F1'g.2.et
516 1703 625 1741 Anus
660 1698 733 1756 (4)
769 1701 834 1741 suo
877 1702 965 1742 loco
1006 1701 1051 1741 ad
1082 1710 1263 1744 exortum
1303 1703 1443 1743 caudae
1476 1712 1513 1742 et
1545 1701 1608 1741 sub
1640 1714 1692 1742 eo

153 1753 182 1782 ³·
210 1746 245 1776 G.
369 1766 604 1818 aperiebatur
663 1766 882 1806 naturaliter
928 1780 938 1820 3
1000 1766 1173 1807 distantia
1232 1777 1359 1806 autem
1430 1766 1532 1806 hunc
1590 1767 1692 1806 inter

373 1839 412 1868 et
449 1841 632 1870 exortrm
675 1832 810 1883 penis,
850 1831 1015 1885 perinaei
1048 1841 1126 1871 erat
1167 1832 1276 1871 vuius
1317 1841 1354 1870 et
1387 1840 1540 1884 quartae
1573 1829 1692 1883 partis

153 1907 353 1949 (fflfigmffi
369 1893 517 1945 pollicis
552 1893 835 1936 Rhenolandici
851 1895 964 1948 longa
980 1893 1055 1949 (4),
1091 1895 1150 1935 sed
1167 1895 1313 1935 nullum
1330 1895 1370 1934 in
1388 1895 1450 1935 illa
1464 1906 1690 1948 prominen-

177 1951 237 1987 ng.
265 1962 279 1990 3
303 1953 352 1982 ΕΒ
370 1957 416 1997 tis
447 1959 559 1998 scroti
594 1958 797 2011 vestigium
816 1993 825 2011 ‚
854 1969 916 1999 aut
943 1960 1093 2000 testium
1130 1959 1415 2013 protuberantia
1456 1958 1691 2012 percipieba-

366 2030 447 2073 tur,
482 2033 521 2063 at
557 2036 652 2062 vcro
686 2023 777 2063 leuis
810 2025 1018 2064 eminentia
1037 2057 1047 2075 ,
1081 2023 1182 2077 quasi
1220 2024 1260 2062 in
1280 2022 1443 2064 suturam
1476 2022 1577 2075 aaa,
1610 2021 1688 2064 hoc

147 2085 538 2130 (6JFig.3.medi1un
582 2087 772 2126 diuidebat
812 2088 865 2141 (6
873 2098 901 2140 ).

1563 2146 1689 2204 Supra
