1820 2506
909 121 941 175 )(
989 126 1050 176 46
1081 125 1113 177 )(

335 236 387 277 cis
408 267 419 288 ‚
460 248 551 277 cum
591 234 725 290 quibus
761 233 849 289 ipsis
888 238 1173 278 commercium
1206 235 1408 277 intercedit
1440 236 1546 278 litera
1559 237 1658 280 rium

337 301 626 341 communicare
644 332 655 353 ‚
674 323 676 326 >
694 308 740 340 vt
772 300 1131 342 demonstrationem
1175 300 1344 342 eiusdem
1378 303 1538 355 proprio
1558 335 1569 352 ,
1611 310 1657 344 vt

338 366 441 405 aiunt
460 397 471 416 ,
527 373 648 405 marte
669 396 681 417 ,
726 364 921 405 inueniant
939 397 950 417 ‚
992 365 1115 419 sicque
1154 364 1274 417 magis
1312 365 1560 406 confirmetur
1582 398 1593 418 ‚
1625 364 1655 406 si

340 440 362 468 a
396 428 562 482 pluribus
592 429 726 469 eadem
759 428 1033 469 demonstratio
1066 429 1172 469 allata
1204 428 1278 480 fit,
1313 437 1376 468 aut
1410 429 1502 470 fines
1518 430 1659 483 ampli-

339 491 503 533 ficentur
535 492 737 543 scientiae,
776 491 804 535 fi
837 503 982 532 nouum
1024 491 1090 532 vel
1124 491 1273 545 prorsus
1306 491 1405 532 aliud
1435 490 1658 538 fundamen-

339 565 425 598 tum
458 569 532 610 pro
562 555 890 597 demonstratione
922 556 1121 597 inuentum
1155 556 1213 596 sit.

457 620 560 661 Hinc
593 621 732 660 factum
765 618 820 658 est
837 649 849 670 ‚
883 627 928 659 vt
960 617 1043 660 Cel.
1077 619 1237 661 Eulerus
1267 620 1474 661 veritatem
1507 619 1659 660 theore-
1706 658 1710 662 Α

341 683 455 725 matis
472 716 482 735 ,
516 696 630 737 quam
659 684 700 722 in
734 681 813 722 hoc
846 682 929 736 ipso
965 696 1157 724 nouorum
1190 680 1503 724 CommTomo
1521 693 1560 723 et
1578 685 1663 738 qui-

341 747 434 787 dem
469 748 489 796 §
542 750 612 785 26.
657 746 756 801 seqq.
792 745 1065 788 dissertationis
1100 760 1198 801 quae
1230 746 1471 799 inscribitur,
1513 745 1554 788 V
1555 749 1664 790 asiae

340 811 652 868 demonstrationes
685 810 933 852 Geometricae
966 813 1073 864 supra
1124 823 1209 865 pag.
1248 814 1310 860 64
1361 810 1459 864 seqq.
1494 810 1662 852 demon-

340 875 491 916 stratam
526 875 657 926 dedit,
701 872 763 914 Cl.
798 873 963 915 Krafftio
1002 875 1043 914 in
1076 875 1192 915 literis
1225 875 1261 916 d.
1304 883 1355 923 17
1393 875 1504 915 Febr.
1544 882 1659 925 1748

340 948 594 993 proponeret.
662 938 780 993 Quod
810 937 1013 979 theorema
1055 951 1134 979 non
1169 939 1291 980 modo
1324 952 1468 979 nouum
1512 940 1634 979 vitum
1653 972 1666 993 ,

341 1002 402 1043 fed
434 1012 473 1043 et
506 1002 748 1057 generalitate
781 1002 841 1043 sua
873 1004 1015 1043 mirum
1056 1004 1095 1042 in
1127 1004 1292 1044 modum
1329 1004 1456 1044 eidem
1490 1002 1636 1056 placuit
1654 1036 1666 1056 ,

345 1065 439 1107 hinc
480 1065 690 1120 praemiffo
723 1068 894 1120 quodum
929 1068 1114 1108 lemmate
1147 1079 1169 1106 e
1204 1067 1496 1121 trigonometria
1528 1068 1666 1120 petito,

342 1131 713 1172 demonstrationem
755 1131 802 1171 ab
844 1130 1046 1171 Euleriam
1092 1131 1240 1172 tametfi
1274 1130 1455 1171 diuersam
1488 1143 1568 1170 non
1601 1143 1667 1171 au-

346 1203 431 1236 tem
462 1197 589 1236 minus
622 1194 774 1236 ᾗῐῐηιιῃ
794 1227 805 1247 ,
840 1194 1026 1248 propositi
1059 1194 1217 1235 exhibet
1251 1194 1515 1235 theorematis.

464 1257 564 1299 Cum
599 1269 730 1298 autem
762 1258 902 1297 eodem
942 1256 1019 1296 fere
1053 1267 1233 1310 tempore
1274 1258 1312 1297 in
1349 1258 1445 1298 aliud
1478 1255 1665 1299 incidisset

340 1322 543 1363 theorema
563 1355 574 1374 ,
606 1320 667 1361 Cl.
705 1321 885 1360 Krafftius
918 1321 1022 1374 quod
1054 1333 1075 1360 a
1110 1322 1197 1360 Ros),
1234 1320 1360 1362 sz'th
1380 1353 1390 1370 ‚
1425 1322 1526 1362 inter
1564 1335 1664 1375 opu-

342 1386 440 1427 scula
473 1386 602 1441 Cotefii
634 1385 692 1424 sed
711 1384 786 1424 fine
820 1383 1145 1424 demonstratione
1187 1385 1333 1424 editum
1366 1383 1485 1424 fuerat
1505 1418 1515 1436 ,
1549 1399 1663 1439 quam

342 1451 497 1504 quidem
532 1449 596 1490 alii
630 1447 869 1490 Geometrae
890 1481 899 1499 ‚
940 1457 980 1487 et
1015 1447 1113 1486 inter
1143 1448 1309 1501 reliquos
1351 1446 1663 1499 Celeberrimus,

344 1516 446 1554 cuius
477 1513 628 1554 obitum
664 1525 764 1552 nunc
795 1511 897 1552 orbis
930 1511 1030 1563 luget
1072 1511 1236 1552 eruditus
1257 1543 1267 1563 ,
1308 1512 1460 1552 dederat
1493 1513 1665 1553 Bernoul-

342 1577 413 1620 lius
433 1610 444 1630 ‚
491 1577 664 1618 subtilem
716 1585 898 1629 tantoque
939 1573 1175 1617 Geometrae
1218 1576 1375 1628 dignam
1399 1607 1410 1627 ‚
1455 1578 1553 1616 vires
1587 1578 1662 1618 suas

344 1642 513 1696 experiri
558 1641 681 1681 voluit
726 1638 787 1679 Cl.
831 1639 1011 1680 Krafftius
1030 1673 1040 1692 ,
1080 1648 1120 1679 et
1154 1651 1207 1679 ex
1239 1640 1379 1680 eodem
1422 1641 1524 1692 quod
1557 1641 1665 1694 supra

342 1706 611 1760 praemiserat,
646 1705 829 1744 lemmate
848 1735 858 1752 ‚
895 1706 995 1743 casus
1028 1702 1170 1757 aliquot
1203 1702 1312 1743 huius
1330 1703 1578 1744 theorematis
1598 1707 1664 1747 de-

342 1770 480 1811 ducere
499 1802 509 1822 ,
544 1778 582 1808 et
611 1768 660 1808 fic
696 1767 926 1808 nobiliffimo
961 1767 1049 1808 huic
1085 1767 1362 1819 cyclometriae
1397 1778 1507 1822 atque
1525 1769 1663 1809 abstru-

338 1832 480 1874 siffimo
525 1832 752 1872 theoremati
795 1832 920 1872 lucem
963 1832 1165 1873 clariorem
1211 1832 1413 1872 conciliare
1437 1865 1446 1883 ,
1480 1832 1664 1873 simulta-

341 1896 431 1939 men
466 1899 505 1937 in
538 1896 710 1951 quolibet
744 1896 1032 1949 propositorum
1067 1897 1349 1951 exemplorum
1380 1895 1464 1936 casu
1495 1896 1663 1950 rigidiffi-

340 1974 405 2004 me
437 1962 599 2016 probare
631 1960 775 2000 annisus
808 1960 873 2001 est.

1486 2055 1662 2130 PHYSI-
