1820 2506
549 163 644 228 ’ἓὸἓὲ
728 181 755 212 0
845 162 888 226 ἐξ
1331 176 1416 220 29¹

444 281 491 325 C.
529 282 583 327 G.
614 275 1067 328 KRATZENSTEIN

165 423 169 428 ,
244 344 796 407 MECHANICAE
840 336 1280 402 COELESTIS

489 428 774 467 SPECIMEN
801 426 972 464 PRIMV
986 424 1027 461 M

637 479 892 513 cONTmENS:

101 527 317 574 NOVAM
361 525 542 570 TVBOS
585 522 916 570 LOixGIORES
970 519 1423 570 COMMODISSIME

460 585 742 625 TRACTAnol
770 582 1071 623 METHODVM,

705 652 739 700 §.
780 664 819 690 1.

102 712 479 829 Quotiescunque
520 730 685 764 attentus
728 722 830 763 coeli
872 721 1162 777 contemplator
1196 730 1260 764 aut
1291 720 1424 777 phales

245 787 440 841 eclipsium
476 786 560 827 solis
593 796 631 827 et
649 787 761 828 lunae
779 788 1051 839 determinare,
1087 796 1151 828 aut
1169 787 1337 828 maculas
1353 798 1420 828 eo<

98 851 278 894 rumdem
312 851 504 892 delineare
522 884 533 904 ‚
569 860 631 891 aut
649 852 878 893 diametrum
907 851 1147 905 planetarum
1174 852 1423 905 adparentem

96 928 169 971 per
197 916 489 958 micrometrum
523 915 686 956 dimetiri
721 916 919 968 intendit3
956 916 1067 954 toties
1100 914 1170 968 ipsi
1203 915 1422 968 optandum

98 978 194 1020 {oret
213 1013 224 1033 ,
257 990 302 1020 vt
334 981 459 1021 dicere
491 976 649 1034 posset:
684 979 738 1019 sol
770 979 852 1020 siste
879 978 1063 1032 gradum3
1115 987 1155 1019 et
1206 978 1291 1019 luna
1310 1011 1321 1031 ‚
1372 990 1438 1036 ne

95 1045 352 1098 progrediaris
384 1043 497 1085 vltra.
565 1041 763 1097 Siquidem
798 1051 930 1085 motus
948 1054 1085 1083 eorum
1119 1042 1273 1083 diurnus
1305 1042 1422 1084 astro-

95 1110 206 1150 nomi
240 1121 400 1163 operam
432 1107 566 1162 quouis
598 1116 807 1149 momento
849 1106 985 1147 illudit.

236 1173 270 1221 §.
297 1184 336 1209 2.
374 1171 488 1212 Nihil
507 1183 604 1211 vero
622 1171 675 1211 est
693 1180 774 1211 tam
792 1170 955 1211 arduum
973 1168 1144 1225 nihilque
1162 1179 1242 1213 tam
1260 1172 1425 1227 parada:-

97 1246 183 1277 xon
202 1268 212 1288 ,
247 1235 352 1289 quod
385 1247 554 1289 vnquam
587 1233 812 1289 philosophi
847 1233 998 1275 efficere
1030 1247 1113 1275 non
1164 1237 1289 1276 conati
1333 1237 1422 1276 sint,

99 1299 345 1356 Quamquam
397 1300 501 1340 enim
541 1298 663 1341 solem
705 1298 828 1354 ipsum
869 1299 911 1340 in
950 1307 1062 1339 motu
1103 1297 1168 1340 suo
1210 1308 1422 1354 apparente

98 1364 287 1418 impedire
320 1376 401 1404 non
436 1364 597 1405 audeant
615 1397 626 1417 ,
660 1373 901 1404 tentauerunt
930 1372 1060 1404 tamen
1094 1363 1219 1405 radios
1250 1365 1421 1405 eiusdem

97 1428 227 1482 figere.
297 1428 446 1469 Primus
467 1461 478 1481 ,
511 1430 606 1482 qui,
640 1439 826 1483 quantum
860 1427 935 1468 scio
958 1460 969 1480 ‚
1004 1427 1116 1468 huius
1133 1429 1188 1469 rei
1207 1428 1421 1483 periculum

97 1491 185 1534 fecit
204 1525 215 1544 ,
248 1490 317 1533 fuit
352 1491 615 1533 Farenheitius
632 1525 643 1545 ,
678 1494 743 1547 qui
776 1492 923 1533 duobus
955 1491 1110 1545 speculis
1128 1525 1139 1545 ,
1173 1505 1251 1547 ope
1283 1505 1419 1534 manu-

98 1556 171 1598 brii
188 1556 432 1609 versatilibus,
464 1557 589 1597 radios
621 1556 757 1597 solares
775 1589 786 1608 ,
823 1555 1005 1609 quamdiu
1030 1555 1158 1596 voluit
1177 1590 1188 1609 ‚
1222 1557 1261 1596 in
1283 1557 1420 1598 eadem

96 1620 245 1674 semper
264 1621 477 1662 direffione
495 1619 744 1662 conseruauit.
814 1614 920 1661 Cum
953 1632 1051 1661 vero
1083 1621 1177 1661 radii
1197 1620 1334 1662 solares
1350 1634 1421 1676 per

98 1685 292 1739 duplicem
324 1686 581 1727 reflexionem
612 1699 634 1726 a
665 1684 816 1739 speculo
849 1683 1044 1725 metallico
1079 1685 1289 1727 admodum
1316 1686 1422 1727 debi-

99 1749 285 1803 litentur·⁷
321 1761 360 1790 et
393 1759 589 1804 praeterea
622 1750 800 1791 tractatio
834 1748 1076 1804 speculorum
1116 1750 1300 1791 manualis
1340 1750 1423 1791 satis

102 1813 261 1854 taediosa
291 1813 336 1854 sit
369 1824 408 1854 et
439 1813 584 1853 socium
617 1814 833 1868 exposcat·⁷
876 1813 950 1855 cel.
996 1811 1237 1856 Grauesande
1276 1816 1317 1855 in
1359 1825 1422 1856 to-

103 1890 173 1919 mo
205 1876 259 1918 11.
296 1878 385 1919 edit.
422 1874 560 1917 nouiff.
596 1877 711 1919 elem.
748 1878 856 1933 phys
893 1891 982 1920 cum
1019 1878 1178 1932 publico
1195 1880 1419 1920 communi-

105 1942 203 1982 cauit
234 1942 450 1983 machinam
470 1975 480 1994 ‚
516 1942 605 1982 huic
640 1941 758 1996 scopo
792 1944 912 1996 magis
945 1945 1314 1998 accommodatam,
1352 1943 1419 1986 vbi

102 2006 242 2047 scilicet
260 2005 450 2060 speculum
485 2005 650 2060 simplex
684 2008 917 2048 metallicum
951 2019 1023 2060 per
1066 2007 1322 2062 horologium
1365 2008 1418 2061 ita

102 2070 288 2123 dirigitur,
323 2080 366 2110 vt
384 2071 504 2111 radius
537 2070 622 2111 solis
654 2072 819 2112 reflexus
850 2071 888 2110 in
921 2071 1055 2111 eadem
1075 2074 1285 2119 continuo,
1322 2084 1418 2126 quae

105 2134 308 2189 placuerit,
327 2145 478 2177 maneat
494 2135 726 2189 directione,
747 2136 998 2192 eamdemque
1015 2136 1152 2180 dicauit
1169 2138 1419 2194 experimen-

686 2201 727 2242 O
759 2213 785 2242 o
820 2214 843 2241 2
1370 2200 1418 2242 tis
