1820 2506
386 198 472 246 196
697 188 1014 254 JNQVJSITJO
1041 194 1107 235 IN
1142 189 1376 247 LEGEM,

381 311 487 365 quod
519 310 634 365 vsque
668 310 716 351 ad
747 311 842 353 min.
880 312 1049 365 primum
1089 316 1173 351 180
1193 342 1205 362 ,
1238 323 1392 352 cernere
1422 311 1477 352 est
1495 344 1506 365 ‚
1539 311 1607 352 vbi
1638 312 1698 352 in·

381 376 476 428 cipit
509 375 636 416 denuo
677 374 889 415 decrescere
923 375 1018 413 ae'ris
1050 374 1255 427 temperies
1272 406 1283 426 ‚
1318 384 1358 414 et
1388 376 1546 416 calculus
1578 375 1700 429 magis

385 438 578 492 magisque
619 440 758 478 iterum
797 436 1025 490 respondere
1065 436 1386 478 obseruationibus
1403 471 1414 490 ,
1455 440 1577 480 donec
1611 439 1697 493 post

383 503 482 546 min.
529 504 698 555 primum
741 512 827 538 210
871 513 961 540 cum
996 500 1315 541 obseruationibus
1346 500 1463 541 ferme
1479 503 1695 543 conueniat.

499 565 760 619 Eperimento
793 564 849 604 X.
884 565 1039 604 minuto
1071 565 1202 618 primo
1240 575 1311 613 15.
1347 566 1564 606 decreuerat
1595 565 1701 607 calor

383 628 482 671 a‘e‘ris
522 643 543 670 a
583 642 637 682 gr.
669 638 740 675 *23
786 628 832 668 ad
876 635 956 676 22¹3
974 661 986 680 ‚
1029 629 1135 668 calor
1174 626 1315 669 maffae
1347 629 1620 683 refrigerandae
1651 629 1699 671 ad

382 706 442 747 gr.
483 702 581 741 137.
650 689 826 732 Calculus
856 691 1015 733 exhibet
1047 704 1101 746 gr.
1144 701 1284 743 137.9
1302 726 1315 746 ‚
1348 694 1437 747 quia
1468 693 1575 733 calor
1606 694 1704 734 aeris

382 758 611 798 decreuerat.
679 753 742 797 Sic
784 755 946 796 calculus
986 756 1040 797 ob
1079 756 1246 798 calorem
1286 758 1380 798 aeris
1421 755 1703 798 decrescentem

381 819 500 874 vsque
535 821 582 860 ad
614 821 709 861 min.
745 832 805 873 pr.
841 823 868 858 6
876 830 897 869 5
922 852 933 872 ,
966 821 1152 861 maiorem
1193 821 1354 862 exhibet
1394 821 1551 874 gradum
1584 832 1703 878 quam

382 884 674 925 obseruationes.
744 882 901 924 Deinde
942 896 1038 924 vero
1057 917 1068 936 ‚
1109 884 1195 938 quia
1226 884 1330 926 calor
1362 885 1457 924 aeris
1489 886 1585 924 min.
1621 885 1704 938 pri·

381 960 454 988 mo
495 950 553 986 60
588 948 667 987 iam
700 946 826 987 rvrsus
859 945 1027 987 crescere
1060 948 1198 1002 incipit
1215 980 1226 1000 ‚
1260 949 1377 988 etiarn
1409 946 1573 989 calculus
1604 948 1703 988 inci-

381 1013 442 1066 pit
484 1010 714 1066 respondere
755 1011 878 1064 magis
917 1009 1111 1064 magisque
1152 1010 1475 1052 obseruationibus
1522 1020 1564 1052 et
1602 1012 1701 1053 min.

380 1075 514 1128 primo
556 1084 614 1124 70
634 1108 646 1128 ‚
685 1073 805 1115 ferme
837 1074 1003 1115 eundem
1037 1075 1195 1128 gradum
1228 1075 1427 1116 exhibere.
1492 1076 1595 1132 Quia
1627 1087 1701 1128 po-

381 1138 459 1179 stea
492 1151 591 1178 vero
621 1138 726 1178 calor
756 1138 852 1177 ae'ris
885 1147 1038 1190 augetur
1061 1140 1180 1191 magis
1197 1171 1209 1191 ‚
1241 1139 1403 1180 calculus
1434 1139 1574 1193 incipit
1590 1137 1703 1179 exhi-

382 1201 472 1242 bere
504 1201 700 1242 minorem
733 1201 892 1254 gradum
926 1212 969 1240 ac
1004 1199 1284 1242 obseruationes
1302 1234 1314 1254 ,
1348 1203 1454 1254 quod
1486 1203 1586 1242 inter
1602 1202 1699 1243 min.

381 1264 553 1320 primum
598 1271 654 1307 80
697 1274 737 1305 et
784 1275 865 1314 115
913 1276 1068 1305 cernere
1109 1264 1175 1305 est.
1243 1265 1284 1305 A
1317 1265 1413 1305 min.
1445 1266 1577 1318 primo
1614 1275 1699 1315 115

382 1336 510 1370 autem
545 1326 665 1370 rursus
697 1328 879 1370 decrescit
911 1327 1018 1368 calor
1049 1329 1179 1383 ae'ris3
1222 1327 1314 1370 hinc
1347 1328 1422 1382 fit,
1458 1337 1506 1369 vt
1537 1327 1705 1370 calculus

381 1393 511 1434 denuo
529 1393 755 1447 respondere
781 1393 940 1447 incipiat
966 1391 1288 1434 obseruationibus
1305 1426 1316 1446 ‚
1350 1393 1454 1447 quod
1487 1393 1587 1432 inter
1604 1393 1702 1433 min.

377 1458 552 1511 primum
573 1470 591 1495 1
604 1470 621 1495 1
635 1467 656 1506 5
679 1466 717 1497 at
731 1468 813 1507 195
834 1457 965 1497 videre
981 1456 1046 1497 est.
1082 1456 1122 1497 A
1136 1457 1288 1498 minuto
1304 1458 1434 1511 primo
1452 1467 1536 1507 205
1551 1456 1598 1497 ad
1614 1463 1704 1498 280

383 1520 514 1561 crescit
528 1521 668 1561 iterum
687 1520 793 1561 calor
809 1522 906 1561 a'e'ris
937 1521 983 1561 ad
1015 1533 1070 1574 gr.
1109 1534 1186 1573 24,
1220 1533 1335 1574 quare
1369 1521 1575 1574 temperies
1607 1519 1703 1560 mas-

380 1583 438 1624 sae
472 1582 712 1637 refrigeratae
744 1584 870 1624 maior
902 1582 1117 1624 obseruatus
1143 1596 1185 1624 ac
1212 1584 1376 1624 calculus
1391 1583 1563 1624 exhibet.
1598 1583 1706 1624 Haec

381 1647 516 1688 omnia
556 1646 641 1688 sunt
675 1645 952 1688 euidentlffuna
991 1648 1140 1688 criteria
1179 1647 1274 1700 legis
1305 1647 1462 1687 feliciter
1503 1646 1674 1687 detectae
1691 1679 1704 1699 ,

383 1720 430 1752 vt
462 1709 571 1766 plura
603 1709 739 1752 addere
773 1712 814 1751 in
845 1709 1184 1752 confirmationem
1224 1709 1543 1764 supervacaneum
1576 1711 1635 1751 sit.

534 1774 569 1824 ξ.
594 1784 664 1823 33.
710 1775 886 1816 Tandem
927 1774 956 1816 fi
993 1788 1038 1816 ea
1076 1775 1377 1829 perpendimus,
1419 1787 1515 1828 quae
1553 1775 1590 1824 §.
1633 1787 1701 1825 19.

385 1852 456 1880 20.
513 1851 563 1878 21
612 1837 745 1880 afferui
785 1848 824 1879 et
864 1838 1052 1892 probaui,
1086 1839 1330 1880 decrementa
1370 1836 1446 1877 scil.
1481 1837 1547 1878 vel
1577 1839 1701 1879 incre-

382 1911 514 1946 menta
552 1902 686 1943 caloris
727 1901 939 1956 aequalibus
982 1912 1206 1956 temporum
1239 1901 1430 1956 particulis
1463 1897 1539 1941 effe
1570 1902 1612 1942 in
1644 1915 1705 1943 ra·

382 1969 492 2008 tione
525 1966 737 2020 composita
769 1978 822 2007 ex
856 1965 1000 2007 directa
1035 1966 1319 2020 superficierum
1360 1974 1400 2004 et
1434 1965 1578 2006 inuersa
1608 1965 1707 2007 mas·

382 2031 503 2071 sarum
539 2029 875 2084 refrigerandarum
908 2030 973 2070 vel
991 2028 1328 2070 calefaciendarum
1359 2030 1527 2082 ratione,
1561 2029 1589 2070 fi
1607 2038 1718 2071 tem-

380 2094 506 2147 peries
548 2095 643 2133 a'e'ris
684 2103 882 2147 ponuntur
922 2093 1089 2146 aequales
1130 2101 1168 2132 et
1201 2090 1435 2132 differentiae
1468 2093 1567 2132 inter
1599 2102 1703 2134 tem-

382 2157 531 2213 periem
563 2154 768 2201 mals-arum
800 2155 1137 2211 refrigerandarum
1179 2165 1218 2197 et
1251 2157 1378 2214 aeris3
1423 2156 1559 2212 cuique
1591 2155 1702 2197 fincile

1594 2229 1707 2277 patet
