1820 2506
376 183 403 224 3
412 182 433 223 5
446 177 468 216 8
587 167 1048 216 OBSERVATIONES
1088 169 1483 216 ANATOMICAE

372 294 422 333 tis
455 292 697 346 paroxysmis
716 325 727 344 ,
762 291 890 344 ratio3
926 289 1066 342 {Pinguis
1097 289 1241 343 quippe
1291 302 1361 342 per
1400 289 1486 331 vasa
1527 290 1699 332 semiob-

377 357 514 398 struc'ta
548 366 586 395 et
617 356 890 396 stmiconcreta
920 366 1078 406 motus,
1113 353 1278 393 eiusdem
1310 354 1475 406 impetus
1514 357 1556 396 in
1598 367 1698 396 con-

377 431 495 472 creta,
514 420 616 459 vnde
627 409 736 460 Q'noua
753 419 927 474 quotidie
944 417 1144 458 nascuntur
1177 416 1386 469 obstacula,
1407 431 1486 457 non
1506 421 1695 460 continuo

381 485 479 537 iugis
511 484 650 536 fluxu,
683 483 744 525 sed
776 485 990 536 interrupto
1009 514 1020 534 ,
1053 482 1214 521 secernit
1255 481 1404 534 spiritus
1444 483 1569 523 dictos
1609 496 1695 524 ner-

380 549 517 601 vosos,
549 548 590 587 in
622 548 817 589 medullari
851 546 1046 587 substantia
1079 546 1252 600 protinus
1286 545 1536 587 elaborandos
1559 579 1570 599 ,
1602 547 1707 587 vnde

382 614 493 654 nerui
509 613 589 652 iam
623 611 824 664 definitum,
856 612 935 651 iam
969 622 1067 651 vero
1100 610 1264 651 nimiam
1305 609 1530 650 subtilissimi
1572 609 1705 664 liquidi

383 676 652 718 abundantiam
674 709 684 729 ‚
720 676 813 731 paffi
844 675 940 715 sunt.
1007 674 1176 731 Qualem
1206 686 1303 714 vero
1335 673 1445 714 faciat
1479 674 1519 713 in
1564 675 1708 728 repleta

383 750 577 783 caeterum
609 739 697 781 vasa
730 742 896 783 minima
930 738 1281 794 comprehensibilis
1315 738 1459 791 guttula
1478 738 1611 792 liquidi
1629 739 1707 779 im-

383 815 517 860 petum
551 814 590 845 et
622 814 781 846 motum
800 838 811 858 ,
845 805 988 847 dudum
1031 804 1119 844 alias
1153 803 1318 843 docuere
1344 803 1611 856 experimenta
1630 801 1708 854 hy-

383 869 559 911 draulica.
596 864 630 900 ’Κ
760 915 764 916 ⁷

533 936 601 975 An
633 934 787 975 interim
821 946 901 974 non
935 935 1081 975 mirum
1115 932 1168 972 est
1184 964 1195 983 ‚
1230 943 1323 971 cum
1357 931 1458 971 :ustio
1500 941 1708 972 neruorum

385 997 659 1041 violentissima
694 999 806 1038 toties
840 999 878 1039 in
914 999 995 1039 vita
1030 997 1226 1037 inuerterit
1246 1028 1256 1046 ,
1297 1004 1336 1035 et
1385 994 1602 1049 suspensum
1652 1005 1710 1035 te-

387 1064 514 1109 nuerit
546 1063 732 1115 sanguinis
762 1075 830 1114 per
864 1075 932 1102 cor
974 1071 1010 1101 et
1044 1061 1129 1101 vasa
1179 1068 1333 1099 motum
1349 1091 1359 1110 ,
1411 1068 1448 1099 et
1498 1059 1710 1113 respiratio-

390 1140 482 1167 nem
515 1126 619 1180 quasi
651 1123 884 1180 opprefferit
901 1158 911 1177 ,
947 1125 1050 1178 quod
1069 1135 1190 1177 neque
1221 1123 1261 1161 in
1304 1122 1430 1161 cordis
1464 1123 1682 1163 ventriculis
1699 1155 1711 1176 ,

391 1190 538 1233 sinubus
557 1223 567 1243 ,
611 1198 676 1230 aut
709 1189 905 1241 auriculis,
951 1200 1075 1242 neque
1117 1188 1157 1227 in
1199 1185 1332 1226 arteria
1363 1185 1576 1239 pulmonali
1607 1218 1618 1239 ‚
1650 1195 1714 1226 aut

392 1255 548 1295 caeteris
582 1254 676 1295 vasis
693 1287 704 1306 ,
740 1253 940 1294 inuentum
974 1252 1019 1294 sit
1053 1251 1176 1293 vllum
1209 1250 1373 1290 omnino
1398 1283 1408 1303 ,
1451 1250 1555 1304 quod
1596 1251 1714 1304 poly-

389 1320 434 1374 pi
466 1319 651 1360 indicium
685 1327 748 1359 aut
787 1318 977 1371 originem
996 1312 1220 1358 indicabat?
1253 1323 1299 1354 vt
1331 1313 1485 1368 quidem
1521 1325 1710 1356 econtra-

393 1385 454 1424 rio
494 1384 633 1437 sanguis
666 1384 705 1425 in
739 1383 847 1423 venis
866 1415 876 1435 ,
911 1383 1060 1424 sinubus
1078 1415 1087 1433 ‚
1122 1378 1295 1422 auriculis
1312 1411 1322 1430 ‚
1357 1379 1577 1419 ventriculis
1628 1392 1712 1420 cor-

398 1449 481 1500 dis,
517 1449 556 1488 in
590 1449 685 1489 vasis
716 1447 999 1501 pulmomlibus
1017 1480 1028 1500 ,
1062 1447 1140 1487 iam
1174 1444 1328 1499 quidem
1353 1443 1569 1496 coagulatus
1587 1476 1598 1496 ,
1631 1442 1717 1484 nul-

395 1512 435 1553 lo
469 1524 566 1552 vero
598 1512 722 1553 modo
754 1523 953 1551 concretus
973 1544 983 1564 ,
1019 1510 1247 1564 apparuerit.

547 1575 725 1617 Tandem
767 1574 962 1615 substantia
1003 1576 1101 1614 inter
1147 1575 1282 1614 duram
1323 1580 1362 1611 et
1400 1571 1505 1625 piam
1549 1582 1714 1613 matrem

399 1638 632 1691 flauescens‚
668 1636 864 1679 incrassata
893 1671 904 1690 ,
939 1638 1144 1680 diffiecanda
1161 1671 1171 1690 ‚
1207 1634 1379 1676 cellulosa
1413 1648 1596 1689 apparens
1614 1669 1623 1687 ,
1667 1648 1715 1677 an

401 1718 482 1746 non
501 1705 651 1745 videtur
683 1702 934 1758 arachnoidea
967 1703 1093 1743 tunica
1111 1735 1122 1755 ,
1157 1701 1323 1742 humore
1339 1698 1460 1739 seroso
1486 1699 1716 1754 hydropica,

399 1783 489 1812 cum
524 1778 684 1822 Vtraque
715 1768 1108 1821 meningeconcreta
1134 1799 1145 1819 ‚
1179 1764 1425 1806 concretione
1458 1761 1525 1803 has
1544 1762 1719 1816 iungens}

402 1847 452 1876 an
495 1845 572 1873 non
634 1833 724 1873 inde
778 1833 949 1872 indurata
967 1864 977 1883 ,
1011 1831 1116 1885 quod
1148 1830 1320 1882 resorpto
1355 1827 1528 1867 tenuiore
1548 1860 1558 1879 ,
1592 1827 1718 1881 super-

403 1898 474 1939 stes
514 1897 718 1938 humidum
756 1897 794 1937 in
828 1895 985 1937 solidum
1035 1895 1195 1936 coiuerit
1219 1926 1230 1944 ,
1274 1890 1404 1933 sensim
1454 1891 1684 1934 exficcatum
1705 1928 1719 1948 ‚

405 1963 465 2002 vti
498 1961 619 2002 multa
652 1961 829 2014 exstant,
865 1971 946 2001 tam
980 1969 1090 2000 extra
1126 1969 1261 2011 corpus
1280 1989 1291 2009 ,
1334 1967 1457 2008 quam
1507 1956 1605 1996 intra
1624 1989 1635 2008 ,
1681 1973 1722 2000 e-

407 2023 599 2077 xempla?
636 2038 683 2066 an
715 2025 793 2066 hoc
826 2037 906 2065 non
942 2023 1111 2065 affirmat
1141 2022 1273 2063 eadem
1308 2020 1435 2060 tunica
1455 2051 1465 2070 ⁷
1510 2019 1637 2060 laxior
1679 2024 1721 2064 in

1645 2087 1721 2129 bafi

451 2164 466 2190 ⁹
491 2166 557 2198 vid.
581 2165 677 2198 differt.
701 2167 777 2196 nostr.
804 2167 838 2195 de
862 2167 964 2204 impetu
990 2164 1074 2203 Hipp,
1095 2164 1170 2194 dicio
1194 2163 1227 2192 ad
1247 2159 1274 2203 ᾗ.
1292 2171 1367 2201 ²74·
1625 2147 1722 2158 ἡ
