1820 2506
183 991 243 1030 rig.
267 999 295 1022 x.

197 2033 250 2074 rig

251 2040 307 2067 020

323 152 353 189 6
359 154 381 193 8
545 147 625 191 DE
661 144 1066 193 PROPAGATION
1070 147 1106 190 E
1137 146 1213 190 PV
1212 144 1363 192 LSVV
1361 145 1418 195 M

326 268 366 308 in
408 266 631 309 huiusmodi
671 267 940 309 commotione
992 265 1260 321 particularum
1310 268 1403 308 aeris
1453 266 1642 309 consistat.

326 332 469 385 Neque
502 342 617 374 etiam
651 333 813 386 amplius
855 333 1027 373 dubitare
1062 332 1150 371 licet
1168 366 1179 386 ‚
1213 329 1306 383 quin
1339 331 1459 385 ipsum
1500 332 1646 386 lumen,

328 397 598 450 radiorumque
630 397 844 437 lucidorum
879 396 1106 450 propagatio
1140 407 1161 434 a
1178 392 1321 434 sublato
1348 397 1567 449 aequilibrio
1585 398 1646 436 in-

330 469 388 501 ter
430 461 634 514 particulas
668 460 831 500 aetheris
863 459 1133 513 proficiscatur.
1207 457 1375 514 Quando
1418 462 1522 501 enim
1555 461 1650 502 aeris

331 526 533 579 quaepiam
567 525 701 578 portio
734 525 774 563 in
807 524 928 564 maius
961 524 1135 564 minusue
1177 522 1340 576 spatium
1375 524 1619 577 compellitur
1636 557 1649 578 ‚

332 589 384 629 ob
414 590 605 628 minut-,im
632 588 697 627 vel
715 587 866 629 auctam
900 588 978 628 eius
1011 587 1270 627 elasticitatem
1305 586 1416 627 status
1442 586 1651 641 aequilibrii

333 666 423 694 cum
457 654 595 693 vicinis
629 652 722 692 aeris
756 652 947 706 particulis
963 651 1134 693 turbatur
1153 684 1164 704 ,
1198 650 1366 704 hincque
1399 652 1438 691 in
1473 652 1548 691 istis
1575 664 1653 705 agi-

336 718 433 758 tatio
467 718 590 769 oritur
608 750 618 768 ,
654 729 750 770 quae
783 717 854 758 lese
887 717 1076 757 continuo
1120 716 1169 756 ad
1203 715 1407 768 particulas
1449 715 1658 757 vlteriores

336 781 514 823 extendit
532 814 542 833 ,
578 782 702 821 donec
735 780 879 835 vbique
912 779 1160 835 tranquillitas
1192 778 1303 819 fixerit
1335 779 1515 820 restituta.
1550 779 1655 822 Hinc

336 846 452 898 igitur
484 844 595 884 sonus
613 878 625 897 ,
660 854 699 884 et
733 845 761 885 fi
795 846 834 885 in
868 844 1023 885 aethere
1055 843 1185 885 similis
1209 842 1366 895 agitatio
1385 845 1563 898 eueniat,
1598 844 1656 886 in·

337 910 387 949 de
419 909 553 948 lumen
587 909 778 962 originem
812 909 913 949 suam
947 908 1078 949 trahit.

490 972 524 1021 ξ.
565 983 606 1020 3.
645 971 747 1014 Cum
782 974 909 1028 itaque
943 971 1038 1013 haec
1072 972 1240 1027 quaestio
1273 972 1318 1013 sit
1360 973 1527 1014 maximi
1567 985 1658 1015 mo-

324 1037 494 1089 menti,
533 1049 696 1091 operam
730 1037 829 1077 dabo
848 1070 859 1089 ,
894 1046 939 1077 vt
973 1037 1019 1077 ad
1054 1049 1142 1078 eam
1182 1036 1446 1077 resoluendam
1481 1049 1533 1078 ex
1576 1038 1657 1092 pri-

340 1103 413 1143 mis
447 1102 646 1155 principiis
681 1100 928 1142 mechanicae
962 1101 1067 1141 viam
1109 1101 1283 1142 sternam.
1358 1101 1451 1156 Quo
1495 1102 1610 1155 igitur
1634 1113 1660 1142 a

341 1164 424 1206 casu
457 1164 734 1218 simpliciffimo
760 1164 887 1205 ordiar
904 1197 916 1217 ,
952 1165 1121 1219 primum
1139 1165 1294 1205 vnicam
1312 1164 1557 1205 considerabo
1575 1177 1643 1219 par
1710 1214 1712 1216 ,

342 1230 502 1270 ticulam
536 1228 575 1269 A
595 1261 608 1281 ,
641 1242 737 1284 quae
769 1229 926 1282 quidem
960 1230 1000 1269 in
1034 1228 1070 1268 se
1104 1228 1269 1282 spectata
1302 1227 1437 1269 nullius
1478 1228 1661 1270 mutatio-

345 1294 405 1334 nis
447 1293 493 1335 sit
527 1305 651 1346 capax
670 1326 681 1346 ,
714 1292 776 1333 sed
811 1305 905 1347 quae
939 1291 1011 1332 filis
1045 1292 1201 1333 elasticis
1242 1293 1401 1333 inertiae
1442 1292 1665 1347 expertibus

348 1357 427 1399 ΑΡ
470 1367 510 1398 et
542 1357 643 1413 ΑΩ
675 1357 773 1397 intra
813 1357 977 1411 parietes
1018 1355 1154 1397 firmos
1196 1355 1226 1396 P
1274 1366 1314 1396 et
1354 1356 1404 1413 Ω
1433 1357 1658 1398 detineatur.

347 1421 436 1464 Sint
470 1430 597 1463 autem
633 1421 726 1462 haec
761 1419 828 1460 fila
859 1420 919 1460 seu
953 1419 1082 1461 elastra
1114 1419 1192 1461 ΑΡ
1226 1428 1266 1460 et
1298 1419 1389 1477 ΑΩ
1414 1422 1468 1461 ita
1500 1434 1662 1475 compa·

348 1496 429 1528 rata
447 1509 473 1539 ,·
493 1496 538 1526 vt
571 1497 650 1540 quo
683 1484 779 1526 fiant
812 1484 985 1525 breuiora
1004 1518 1015 1537 ,
1051 1496 1099 1525 eo
1132 1484 1270 1525 maiori
1312 1486 1355 1525 vi
1395 1485 1541 1526 elastica
1574 1484 1662 1539 pol-

347 1551 480 1605 leant3
516 1550 608 1590 dum
642 1560 770 1590 autem
804 1549 1031 1602 elongantur
1049 1581 1060 1601 ‚
1096 1560 1231 1589 eorum
1266 1548 1462 1590 elasticitas
1478 1549 1666 1590 diminua-

350 1624 424 1655 tur.
492 1614 562 1656 His
580 1614 714 1668 positis
746 1611 985 1654 manifestum
1020 1613 1072 1653 est
1107 1625 1244 1666 corpus
1277 1612 1317 1654 A
1350 1612 1432 1654 fore
1465 1613 1503 1653 in
1537 1613 1668 1667 aequi-

350 1679 466 1720 librio
484 1712 495 1732 ,
530 1678 558 1720 fi
576 1680 770 1732 Vtriusque
787 1676 906 1718 elastri
923 1676 1001 1718 ΑΡ
1020 1687 1059 1718 et
1076 1676 1314 1733 AQeadem
1328 1676 1439 1718 fuerit
1456 1678 1535 1718 vis:
1561 1679 1669 1731 quod

352 1744 505 1784 euenire
540 1755 750 1798 ponamus,
786 1741 813 1783 fi
839 1743 1036 1796 Vtriusque
1059 1741 1176 1782 elastri
1201 1740 1403 1795 longitudo
1426 1741 1504 1783 ΑΡ
1521 1751 1560 1782 et
1577 1741 1677 1800 ΑΩ

352 1807 464 1849 fuerit
482 1807 657 1862 aequalis.
694 1805 753 1848 Sit
778 1816 891 1860 taque
908 1806 1277 1862 APzAQ-za3
1322 1816 1361 1847 et
1386 1807 1581 1860 vtriusque
1607 1808 1667 1847 vis

355 1871 505 1913 elastica
530 1885 649 1926 :g3
683 1872 868 1925 quoniam
895 1871 1166 1925 corpusculum
1194 1870 1233 1910 A
1261 1871 1440 1924 vtrinque
1465 1870 1674 1924 aequaliter

357 1945 534 1990 vrgetur,
553 1936 581 1978 fi
597 1935 712 1976 semel
736 1935 942 1990 quieuerit‚
967 1944 1158 1989 perpetuo
1191 1934 1379 1989 quiescere
1404 1934 1666 1988 perseuerabit.

509 2001 543 2050 ξ.
580 2014 622 2051 4.
661 1997 936 2053 Concipiamus
969 2012 1069 2039 nunc
1104 1997 1182 2038 hoc
1226 1998 1494 2052 corpusculum
1535 1999 1574 2039 A
1617 2010 1669 2039 ex

359 2063 431 2110 fitu
465 2064 675 2120 aequilibrii
708 2063 820 2106 semel
851 2060 956 2105 fiiiffe
990 2063 1185 2105 dimotum
1204 2094 1215 2115 ,
1250 2063 1303 2104 ita
1337 2072 1383 2105 vt
1416 2062 1576 2105 alterum
1593 2062 1672 2102 ela-

1554 2125 1671 2168 strum
