1820 2506
328 203 351 235 2
361 207 379 234 1
389 206 415 232 2
440 226 442 228 μ
763 192 820 236 M
820 187 1197 236 EDITATIONES

328 313 582 373 posteriorem
623 314 763 356 eodem
802 323 914 354 motu
955 309 1115 364 agitari,
1155 304 1324 350 calorem
1362 318 1489 353 tamen
1539 310 1639 352 adeo

330 380 516 433 exiguum
534 391 572 420 in
595 378 631 419 se
644 381 808 433 prodere
828 409 838 428 ,
874 372 1150 416 euidentissime
1173 384 1247 426 que
1263 372 1479 427 ostendere,
1497 373 1639 430 saepius

327 443 433 496 fieri,
465 453 509 484 vt
541 455 704 497 corpora
735 449 848 482 motu
864 438 1099 494 progreffiuo
1131 436 1308 477 intestino
1341 439 1507 492 praedita
1537 438 1635 480 mui-

329 508 373 548 t‘o
405 508 531 549 minus
564 506 683 548 calida
716 505 787 545 sint
820 505 865 544 iis
887 535 896 552 ,
928 516 1023 557 quae
1056 501 1198 543 eodem
1232 510 1343 542 motu
1382 500 1638 543 destituuntur.

328 571 397 615 Ex
431 572 489 612 his
521 579 648 612 autem
682 569 724 609 vi
764 568 1045 622 principiorum
1079 565 1242 619 superius
1275 565 1325 614 (§.
1345 567 1374 603 6
1380 569 1407 614 .)
1440 564 1639 607 allatorum

327 636 489 690 sequitur
545 641 673 676 motum
722 635 900 674 materiae
949 630 1174 675 cohaerentis
1214 631 1410 686 intestinum
1444 630 1653 686 progreffi«

329 712 411 742 uum
443 699 574 741 caloris
605 694 749 753 cansam
782 710 848 739 non
882 693 961 753 eJJb.

478 765 510 814 (5.
555 776 623 804 10.
658 764 726 804 Ex
759 762 987 804 definitione
1018 770 1147 802 motus
1164 759 1328 802 intestini
1347 759 1497 802 tremuli
1515 756 1642 814 (§.6.)

328 827 430 870 clare
471 827 694 883 perspicitur
713 860 723 879 ,
755 827 824 869 illo
865 827 1038 880 corporis
1075 836 1197 879 partes
1229 825 1391 879 agitante
1410 857 1422 878 ,
1453 822 1546 877 ipsas
1576 835 1646 864 co-

326 892 484 935 haerere
530 906 608 933 non
642 889 766 947 poffe.
834 891 1019 947 Quamuis
1036 892 1143 930 enim
1162 889 1353 930 distantiae
1371 920 1383 941 ,
1417 888 1546 942 quibus
1565 886 1647 928 sub-

327 955 517 997 tiliffimae
567 956 797 996 vibrationes
847 954 1059 995 absoluutur
1076 985 1087 1005 ,
1129 952 1201 993 sint
1242 953 1415 993 maxime
1455 951 1615 1006 exiguae
1635 983 1648 1004 ,

326 1019 413 1061 fieri
453 1028 581 1060 tamen
624 1031 704 1059 non
744 1018 869 1072 potest
887 1051 898 1070 ,
940 1018 1031 1071 quin
1065 1016 1271 1070 particulae
1312 1028 1333 1056 a
1375 1024 1509 1057 mutuo
1551 1027 1648 1056 con·

329 1084 431 1124 tactu
461 1083 638 1123 recedant
656 1115 666 1135 ‚
700 1090 741 1122 et
772 1081 998 1134 plerumque
1030 1090 1139 1120 extra
1170 1080 1278 1120 illum
1311 1079 1515 1120 versentur.
1580 1080 1648 1121 Ad

327 1145 534 1188 sensibilem
581 1144 851 1184 cohaesionem
902 1145 1073 1196 portium
1115 1143 1289 1195 corporis
1328 1143 1526 1196 requiritur
1565 1155 1646 1183 non

327 1210 559 1263 interruptus
574 1207 780 1248 earundem
797 1214 950 1247 mutuus
974 1204 1192 1258 contactus3
1219 1205 1394 1259 corporis
1415 1217 1510 1258 ergo
1527 1214 1651 1259 partes

326 1273 429 1316 nulla
469 1271 698 1313 cohaesione
737 1270 893 1312 sensibili
927 1270 1067 1311 vinciri
1105 1266 1260 1322 possunt
1278 1301 1289 1321 ,
1331 1268 1357 1310 fi
1391 1268 1479 1309 illae
1510 1278 1650 1310 tremu-

328 1337 369 1378 lo
400 1337 578 1378 intestino
612 1344 727 1376 motu
761 1335 1039 1376 concutiuntur.
1106 1333 1257 1374 Verum
1303 1333 1486 1387 quoniam
1528 1333 1653 1386 plem-

329 1415 404 1457 que
445 1413 611 1455 corpora
661 1400 708 1440 ad
758 1400 988 1454 ignitioncm
1040 1411 1156 1452 vsque
1207 1397 1365 1437 vstulata
1415 1395 1651 1438 ibrtiffimam

328 1467 498 1521 partium
542 1463 811 1506 cohaesionem
847 1462 1102 1516 conseruant3
1137 1462 1176 1503 id
1210 1463 1314 1502 circo
1348 1469 1455 1515 patet
1494 1461 1650 1502 calorem

330 1537 516 1584 corporum
566 1541 592 1570 a
643 1534 736 1568 motu
785 1527 943 1582 intestino
992 1525 1141 1568 tremulo
1190 1526 1368 1567 materiae
1420 1523 1648 1568 cohaerentis

332 1592 436 1636 haud
467 1587 656 1649 proficgl'ozi.
700 1588 750 1645 (ξ.
778 1588 839 1646 6.)

481 1658 515 1707 ς.
559 1669 627 1695 11.
662 1656 840 1697 Remotis
879 1655 990 1708 igitur
1029 1652 1264 1708 progreffiuo
1305 1662 1345 1693 et
1386 1653 1552 1694 tremulo
1592 1654 1653 1694 in-

330 1722 476 1764 testinis
516 1720 684 1762 motibus
702 1753 713 1772 ‚
753 1717 962 1760 necessario
1001 1719 1166 1772 sequitur
1205 1715 1360 1759 calorem
1399 1718 1581 1774 corfistere
1614 1719 1650 1759 in

332 1793 425 1829 motu
456 1785 617 1843 intestino
638 1798 671 1839 g
668 1785 841 1837 yratorio
873 1783 924 1833 (ς.
944 1780 1003 1837 6.)
1037 1783 1214 1824 materiae
1251 1780 1478 1824 cohaerentis
1518 1779 1568 1838 (§.
1590 1783 1652 1834 4.)

330 1848 481 1893 neceffe
513 1850 617 1891 enim
649 1848 703 1889 est
736 1856 781 1888 vt
815 1849 964 1889 cuidam
997 1859 1049 1887 ex
1076 1846 1194 1887 tribus
1218 1845 1409 1886 tribuatur.

471 1915 505 1964 §.
555 1926 623 1953 12.
666 1912 807 1969 Quaeri
847 1921 974 1953 autem
1014 1909 1078 1951 liic
1118 1908 1255 1963 potest,
1289 1918 1419 1950 vtriim
1451 1908 1654 1963 particulae

330 1991 541 2033 corporum
599 1976 807 2018 solidorum
862 1977 1020 2017 durante
1073 1973 1184 2015 firma
1240 1972 1466 2013 cohaesione
1522 1983 1652 2014 mutua

331 2043 439 2082 iuxta
472 2043 507 2083 se
541 2043 708 2082 inuicem
748 2041 874 2093 gyrari
906 2039 1056 2093 poffint.
1124 2037 1226 2078 Huic
1267 2037 1474 2089 quaestioni
1514 2046 1560 2077 vt
1600 2038 1652 2076 sa-

332 2104 443 2148 tisfiat
461 2136 473 2158 ,
505 2104 643 2146 sufficit
677 2105 717 2144 in
752 2113 923 2144 mentem
962 2112 1142 2144 reuocare
1177 2100 1254 2142 duo
1286 2112 1481 2143 marmora
1518 2099 1651 2155 politis

1527 2162 1652 2218 super-
