1820 2506
721 167 910 226 )(29)(

150 289 316 330 ratoriae
333 278 544 328 Maiestatis
567 283 809 327 bibliothecae
829 290 864 324 et
893 281 1203 339 cimeliophylacio
1227 318 1236 337 ,
1271 297 1318 327 ac
1339 281 1469 340 secun-

150 355 234 395 dum
251 352 345 394 hune
364 353 396 393 is
415 353 478 405 qui
504 352 623 391 vicem
660 350 736 391 eius
741 344 814 405 sifi
820 350 902 390 inet.
959 348 1160 393 Amborunz
1179 350 1225 406 2ss
1241 352 1417 392 ordinare
1434 358 1472 393 et

145 430 284 459 ornare
317 415 574 458 bibliothecam
605 421 643 456 et
674 412 1029 471 cimeliophylacium
1049 447 1058 465 ‚
1092 425 1209 469 eaque
1241 417 1341 456 nouis
1364 415 1472 457 libris

149 494 314 536 nouaque
353 476 569 536 supelleoiile
607 479 795 534 instruere.
876 479 952 521 His
994 475 1092 520 dieto
1136 480 1329 520 audientes
1362 476 1470 534 sunto

143 547 264 603 picior
297 545 511 586 animalium
542 550 582 585 et
609 542 829 598 plantarum
843 576 853 594 ‚
886 555 949 584 nec
983 555 1050 584 non
1090 544 1439 585 medicamentarius
1458 577 1470 597 ,

153 613 214 666 qui
249 605 472 663 conseruabit
505 610 716 650 anatomia-a
749 615 786 649 et
819 607 898 649 alia
940 609 1264 662 ‘unguentariorum
1303 616 1470 664 praepa-

151 681 276 728 rata3
312 675 398 715 item
440 673 511 714 duo
540 674 760 728 interpretes
778 704 789 723 ,
822 682 972 728 quorum
1012 672 1111 714 alter
1133 676 1354 727 germanica
1386 685 1473 714 rus-

139 741 223 797 stce
243 771 253 791 ,
286 736 385 779 alter
417 737 556 788 ruffica
578 739 795 790 germanice
827 737 984 779 reddere
1006 732 1107 791 sciat
1130 751 1140 792 3
1175 746 1212 780 et
1244 737 1285 781 hi
1329 738 1474 792 quidem

154 816 260 859 quum
286 809 440 858 propter
472 801 681 843 litterarum
698 835 708 854 ,
742 814 802 844 res
830 809 902 857 per
936 801 1124 858 Europam
1148 804 1273 859 gestas
1290 805 1467 844 continen-

152 871 241 910 tium
259 900 269 919 ‚
303 875 377 908 tum
404 874 558 922 propter
591 866 744 908 alioruin
774 862 995 922 scriptorum
1013 900 1025 921 ‚
1067 879 1161 924 quae
1195 867 1363 924 pubh'cae
1402 866 1472 908 luci

153 935 280 990 exponi
312 932 496 986 debeant,
540 932 865 988 interpretationes.

777 1040 850 1081 52.

265 1102 391 1163 Quum
424 1116 562 1157 magna
595 1103 720 1146 adhuc
739 1105 795 1160 fit
821 1104 980 1158 penuria
1000 1135 1010 1155 ,
1044 1104 1081 1144 in
1114 1101 1333 1145 bibliotheca
1365 1102 1473 1144 libro-

155 1180 235 1208 rum
254 1201 264 1219 ,
299 1181 421 1208 rerum
453 1171 490 1209 in
523 1168 825 1224 cimeliophylacio
846 1201 856 1219 ,
897 1163 1109 1219 curiosorum
1145 1165 1321 1208 hominum
1350 1167 1470 1223 perlu-

140 1232 323 1287 stratione
356 1233 547 1285 dignarum
560 1265 569 1283 ,
601 1232 688 1274 huic
723 1232 934 1274 incommodo
951 1232 1135 1272 minuendo
1153 1232 1351 1288 destinatur
1372 1238 1471 1285 quot-

157 1297 265 1336 annis
298 1308 346 1336 ex
378 1296 551 1337 reditibus
584 1296 771 1351 bibliopolii
791 1291 937 1349 summa
970 1295 1130 1336 binorum
1170 1294 1313 1336 millium
1355 1293 1469 1334 rubel-

155 1360 296 1400 lorum:
333 1360 390 1399 ad
417 1359 618 1408 coemendos
651 1367 772 1400 autem
806 1360 938 1399 varios
969 1357 1275 1414 cimeliophylacio
1318 1356 1473 1414 neceffa·

154 1426 230 1465 rios
264 1423 478 1477 adparatus
498 1455 508 1474 ,
549 1429 640 1477 puta
660 1419 834 1478 spiritum
876 1424 957 1462 vini
976 1455 986 1474 ,
1031 1424 1185 1475 vitrea,
1229 1421 1472 1477 camphoram

154 1495 190 1528 et
224 1488 266 1528 id
286 1499 401 1540 genus
434 1487 514 1528 alia
533 1518 544 1537 ,
564 1487 767 1543 statuenda
801 1487 847 1543 est
879 1493 986 1527 certa
998 1489 1176 1541 pecuniae
1181 1483 1340 1540 sunzma,
1359 1499 1471 1543 quam

153 1553 298 1606 quidem
331 1554 368 1593 in
403 1551 495 1595 alios
537 1551 744 1608 impendere
763 1545 903 1606 sumtus
937 1553 1072 1592 nemini
1104 1550 1201 1593 lieet.

274 1725 443 1780 Denique
477 1731 582 1766 certa
594 1727 774 1780 pecuniae
791 1720 941 1779 summa
972 1725 1190 1782 cotfiituitur
1207 1724 1371 1768 botanico
1389 1725 1476 1768 hor·

156 1796 189 1830 to
207 1796 241 1829 et
254 1789 476 1831 laboratorio
510 1788 668 1831 chenne-o
707 1791 848 1831 tuendis
867 1823 877 1842 ,
910 1791 1169 1846 comparandis
1202 1792 1288 1831 item
1321 1793 1446 1832 variis
1464 1823 1475 1843 ,

158 1853 281 1907 quibus
314 1850 398 1902 vsus
431 1855 475 1901 eli
507 1857 543 1894 in
578 1855 796 1910 astronomia
817 1888 827 1906 ,
856 1853 1010 1911 pbifica
1044 1854 1321 1910 experimentali
1352 1863 1387 1896 et
1405 1854 1477 1896 ali„

159 1918 191 1958 is
242 1914 460 1973 disciplinis,
495 1918 733 1974 iifirumentis
753 1950 764 1969 ,
799 1927 836 1961 et
868 1921 999 1960 ceteris
1030 1919 1137 1961 rebus
1171 1916 1395 1974 necessariis,
1409 1928 1475 1974 po-

144 1981 285 2035 stremo
317 1983 514 2023 tribuendis
544 1985 724 2037 praemiis
743 2016 753 2034 ‚
787 1983 912 2036 quibus
947 1984 1127 2024 donantur
1161 1982 1319 2025 homines
1337 1985 1476 2037 ingeni-

161 2057 206 2086 οι
240 2052 274 2087 et
308 2047 467 2100 eruditi,
502 2047 547 2088 de
579 2047 703 2102 quibus
722 2043 846 2101 supra
880 2055 957 2090 art.
997 2061 1067 2089 21.
1088 2047 1207 2108 jac‘ia
1239 2050 1369 2091 mentio
1411 2048 1472 2102 est.

780 2176 805 2216 d
843 2187 865 2224 3
1295 2174 1475 2219 ARTES
