1820 2506
337 207 470 276 ,τᾶ-ψ
679 199 690 202 ”
809 237 812 239 >
872 188 966 253 ἢὶὲἓ
1012 184 1261 249 ’οἡὶὲἓῶ

373 238 809 383 INQVISITIO
875 308 955 368 IN
1012 303 1348 376 LEGEM,
1419 304 1713 370 SECVN÷2

390 400 526 445 DVM
551 400 722 458 QVAM
739 397 929 439 CALOR
957 393 1152 436 FLVIDI
1173 395 1240 438 IN
1256 348 1405 436 VA³SE
1422 388 1686 440 CONTEN-
1712 388 1715 389 ’

386 460 504 504 «ΤΙ,
555 459 720 498 CERTO
754 454 989 492 TEMPORis
1015 453 1360 496 INTERVALLO,
1408 453 1455 490 IN
1480 452 1658 493 TEMPE-

432 510 545 549 ΚΙΕ
563 509 704 547 AERIS
729 504 1050 546 CONSTANTER
1065 504 1235 542 EADEM
1253 477 1521 542 DEC’RESCIT-
1522 505 1629 552 VEL
1696 514 1700 518 ’

513 558 750 602 CRESCIT,
776 556 841 593 ΕΤ
872 553 1116 592 DETECTIO
1150 555 1282 599 EIVS,
1320 547 1583 598 SIMVLQVE
1634 598 1640 602 .
1688 551 1690 553 ’

542 583 1040 646 THERMOMETRORVM
1057 582 1302 643 PERFECTE
1323 603 1541 642 CONCOR-
1588 618 1606 622 ··

572 658 800 698 DANTIVM
832 655 1172 743 CONS'gRggNDI
1204 656 1357 695 RATIO
1392 651 1531 692 HINC

753 786 878 840 4Αιιέὶὲ.
911 795 963 838 G.
994 794 1068 838 W.
1105 792 1331 837 Richmann.

990 892 1027 941 ξ.
1076 904 1114 931 1.

439 984 463 1010 n
498 967 794 1010 confirmatione
826 978 937 1006 meae
976 962 1161 1007 formulae
1202 976 1277 1019 pro
1309 965 1424 1019 gradu
1450 959 1627 1005 excefl‘us
1646 971 1715 1006 ca-

472 1034 567 1075 loris
599 1032 708 1087 supra
741 1030 908 1072 calorem
938 1029 1060 1071 mixti
1089 1041 1145 1070 ex
1178 1030 1268 1069 niue
1308 1039 1348 1069 et
1379 1029 1453 1069 sale
1485 1028 1716 1070 Ammania-

389 1108 439 1138 co
457 1098 544 1153 post
568 1095 770 1139 miscelam
791 1094 955 1136 duarum
977 1091 1184 1135 massarum
1207 1105 1413 1147 aquearum
1435 1093 1582 1133 diuerso
1596 1092 1715 1146 gradu

391 1162 600 1202 calidarum
613 1193 623 1212 ‚
642 1161 681 1199 in
689 1167 781 1198 nota
788 1158 835 1198 ad
842 1169 937 1212 exp.
948 1157 1005 1200 ΙΙ.
1016 1157 1185 1197 dubitaui
1202 1188 1214 1209 ,
1245 1169 1298 1197 an
1313 1157 1557 1199 determinari
1569 1155 1688 1210 poffit
1706 1185 1717 1207 ‚

391 1224 431 1264 in
450 1237 522 1279 qua
537 1224 686 1265 ratione
715 1222 960 1262 decrementa
975 1220 1048 1263 sint
1071 1221 1111 1260 in
1134 1219 1349 1273 aequalibus
1375 1219 1615 1274 temporibus
1636 1228 1715 1260 etc.

392 1287 595 1343 Postquam
627 1298 725 1327 vero
759 1287 939 1326 attentius
977 1297 1063 1325 rem
1101 1283 1337 1324 confideraui
1371 1285 1720 1338 experimentaque

394 1354 506 1394 omni
539 1351 690 1393 solertia
721 1349 860 1404 repetii
895 1359 934 1390 et
973 1348 1197 1402 comparaui
1214 1380 1227 1400 ,
1268 1347 1560 1389 fimilitudinem
1596 1360 1718 1403 quan-

395 1419 487 1459 dam
521 1418 561 1458 in
594 1417 638 1456 iis
668 1412 952 1468 contemplatus
984 1412 1101 1453 incidi
1135 1412 1175 1451 in
1200 1410 1346 1466 legem,
1379 1411 1584 1453 secundum
1601 1424 1719 1466 quam

397 1483 641 1522 decrementa
674 1478 785 1519 fiunt.
855 1474 956 1518 Cum
990 1475 1085 1516 haec
1119 1475 1231 1529 plane
1264 1488 1366 1516 noua
1406 1476 1480 1517 sint
1521 1485 1562 1515 et
1601 1476 1720 1516 scien-

398 1547 473 1586 tiae
507 1543 667 1585 naturali
699 1543 776 1583 sine
810 1541 926 1581 dubio
959 1542 1243 1581 incrementum
1274 1539 1452 1593 afferant,
1486 1538 1608 1580 officii
1641 1541 1721 1580 mei

398 1611 499 1662 erit,
534 1621 579 1649 ea
597 1641 608 1661 ,
643 1606 914 1662 qualiacunque
946 1604 1038 1657 sint,
1072 1616 1162 1644 cum
1196 1602 1376 1644 societate
1417 1605 1719 1644 communicare.

550 1673 585 1722 §.
626 1684 666 1711 2.
719 1670 850 1710 Primo
892 1669 1046 1724 quidem
1064 1701 1076 1721 ,
1121 1676 1167 1708 vt
1204 1679 1267 1708 res
1315 1667 1516 1709 clariffime
1563 1677 1694 1721 pateat
1711 1700 1723 1721 ‚

399 1737 670 1793 experimenta
711 1733 907 1774 exhibebo
925 1766 937 1786 ‚
979 1731 1201 1788 compendii
1252 1740 1380 1772 tamen
1421 1732 1527 1772 causa
1545 1765 1556 1784 ,
1597 1742 1637 1772 et
1677 1741 1723 1772 vt

399 1802 541 1844 facilius
583 1798 750 1841 calculus
783 1811 872 1839 cum
905 1796 1228 1839 obseruationibus
1261 1793 1424 1836 conferri
1465 1795 1580 1849 poffit
1597 1828 1609 1849 ,
1651 1795 1722 1837 sta-

401 1868 475 1908 tim
499 1865 710 1919 ·—adponam
751 1862 887 1917 gradus
925 1861 1062 1903 caloris
1093 1860 1233 1913 fluidi,
1266 1859 1419 1900 diuersis
1451 1860 1693 1913 temporibus
1710 1893 1723 1912 ,

401 1930 607 1972 secundum
640 1928 768 1980 legem
803 1928 1001 1968 inuentam
1035 1934 1176 1967 erutos.
1242 1922 1398 1964 Deinde
1431 1936 1484 1964 ex
1519 1924 1721 1965 obseruati-

405 1996 539 2037 onibus
573 1991 803 2033 consedtaria
843 1991 1024 2034 deriuabo
1042 2024 1054 2045 ,
1089 2001 1184 2047 quae
1224 1987 1323 2030 mihi
1355 1988 1401 2030 ad
1443 1987 1572 2044 legem
1614 1988 1722 2030 dete-

406 2059 571 2114 gendam
604 2056 867 2099 inseruierunt.

1619 2181 1717 2231 §3
