1820 2506
367 182 469 226 ³42„
712 167 798 215 DE
828 166 1028 215 Vrmzo
1060 167 1349 217 MVLIEBRI

366 290 491 333 noxia
522 287 674 342 fuerat3
709 287 768 329 fied
809 296 846 327 et
887 286 968 340 ibi,
1010 287 1079 328 vbi
1119 287 1229 329 huius
1269 289 1439 331 humoris
1481 291 1679 345 portiones

368 354 492 396 adhuc
532 352 697 393 firmiter
745 350 1000 392 cohaerebant
1021 384 1032 404 ,
1072 364 1142 405 per
1183 352 1307 406 ipsum
1340 353 1441 394 hunc
1475 357 1678 396 humorem

365 417 548 460 similium
587 415 831 469 globulorum
862 414 986 456 forma
1003 414 1241 457 transudauit.
1308 416 1501 470 Imprimis
1523 431 1617 458 vero
1635 430 1679 458 ea

365 481 407 521 in
450 480 609 533 regione
627 511 639 532 ‚
680 479 748 520 vbi
790 478 964 532 placenta
1011 478 1225 520 adhaeserat
1244 512 1254 532 ,
1297 480 1468 533 plurimis
1507 481 1547 520 in
1588 481 1678 520 locis

364 543 566 596 singulares
606 543 803 597 congeries
845 542 1084 584 vasculorum
1116 542 1384 584 arteriosorum
1417 545 1456 583 in
1497 543 1680 596 elegantia

364 606 640 661 glomeramina
673 605 975 647 conuolutorum
1008 607 1237 661 apparebant
1255 640 1266 659 ,
1308 620 1403 661 quae
1435 607 1595 660 denique
1627 619 1680 648 ex

363 681 447 711 vno
485 680 550 711 aut
588 670 709 710 altero
752 668 882 710 osculo
923 671 1121 711 materiam
1162 683 1355 711 ceraceam
1398 670 1436 710 in
1476 671 1679 710 cauitatem

363 734 463 774 vteri
512 733 743 776 eructabant.
808 734 893 774 Hae
934 747 1031 774 vero
1073 735 1333 775 extremitates
1371 747 1418 774 an
1459 733 1680 774 immediate

362 808 452 838 cum
486 797 679 851 placentae
712 797 822 837 venis
871 797 1098 837 cohaereant
1115 830 1127 849 ,
1178 811 1225 838 an
1266 810 1362 838 vero
1408 797 1528 839 solum
1573 797 1679 838 illum

360 861 514 902 succum
556 860 838 914 lymphaticum
859 892 869 912 ‚
912 861 960 902 de
1001 873 1080 914 quo
1120 873 1219 901 mox
1259 861 1367 914 plura
1384 893 1396 913 ,
1443 862 1634 901 secernant
1666 891 1678 911 ,

360 925 559 965 occasione
606 924 691 964 data
741 923 959 976 diligentius
1005 924 1155 964 scrutari
1183 956 1194 976 ,
1236 925 1399 965 omnino
1437 926 1509 965 erit
1539 935 1679 977 operae

358 988 564 1042 praetium.

151 1061 212 1105 (ι)
234 1062 307 1096 1bid.
326 1063 352 1095 h.
476 1050 572 1091 VII.
607 1050 676 1091 An
708 1051 810 1090 vteri
841 1050 989 1090 interna
1021 1050 1158 1089 cauitas
1176 1048 1241 1105 (1)
1275 1050 1444 1104 singulari
1461 1050 1587 1091 tunica
1618 1049 1677 1089 in-

360 1113 540 1153 vestiatur
556 1145 569 1165 ,
601 1122 648 1152 vt
680 1112 838 1152 difficile
870 1113 1047 1164 indagatu
1079 1112 1135 1151 est
1152 1144 1164 1162 ,
1197 1113 1245 1152 fic
1264 1114 1539 1153 obseruationes
1571 1125 1679 1153 meae

359 1175 515 1217 illorum
557 1174 760 1215 sententiae
796 1176 918 1228 magis
954 1173 1081 1214 fauent
1099 1207 1109 1226 ‚
1142 1176 1208 1228 qui
1239 1175 1345 1215 illam
1379 1185 1530 1229 negant.
1597 1173 1679 1215 Sal-

359 1248 444 1280 tem
483 1241 523 1279 in
557 1239 665 1279 nullo
683 1271 695 1292 ,
729 1249 879 1292 praeter
909 1239 1096 1278 vltimum
1115 1270 1126 1290 ,
1166 1239 1432 1280 membranam
1464 1239 1680 1279 distinetam

359 1303 509 1344 laeuore
552 1303 718 1356 quodam
751 1301 996 1356 conspicuam
1027 1302 1273 1355 deprehendi.
1338 1302 1387 1344 In
1420 1312 1534 1344 vtero
1565 1315 1679 1356 prae-

361 1376 502 1420 gnante
535 1367 636 1406 inter
666 1366 932 1408 membranam
965 1365 1130 1406 chorion
1163 1375 1204 1406 et
1235 1367 1337 1407 vtem·
1369 1367 1528 1420 parietes
1559 1369 1677 1407 inter-

359 1431 478 1484 sperfia
511 1439 590 1471 erat
608 1463 619 1483 ‚
649 1440 695 1470 vt
734 1430 870 1471 monui
901 1428 1007 1484 (VI)
1026 1461 1037 1480 ,
1069 1428 1234 1483 lympha
1263 1431 1449 1484 quaedam
1482 1429 1680 1484 coagulata

360 1495 400 1534 in
434 1493 597 1535 formam
628 1494 822 1546 singularis
855 1493 1099 1534 membranae
1133 1492 1287 1534 extensa
1303 1527 1315 1546 ⁷
1346 1494 1509 1535 albicans
1542 1495 1587 1535 ad
1607 1495 1676 1535 fla-

357 1557 542 1598 vedinem
584 1556 774 1597 tantillum
814 1568 975 1609 vergens
993 1588 1003 1607 ,
1045 1555 1229 1608 glutinosa
1270 1558 1424 1610 quidem
1443 1590 1453 1609 ,
1499 1558 1560 1598 sed
1591 1569 1673 1598 non

359 1620 568 1662 admodum
602 1630 732 1660 tenax.
798 1618 1020 1661 Difficulter
1050 1618 1284 1672 separabatur
1314 1634 1335 1660 a
1366 1620 1502 1661 chon'o
1518 1653 1530 1672 ‚
1564 1622 1672 1675 quip-

360 1696 412 1738 pe
445 1697 540 1737 quae
571 1683 795 1725 membrana
828 1683 984 1724 vasculis
1015 1681 1084 1722 suis
1116 1681 1319 1735 sanguineis
1351 1685 1390 1723 in
1423 1683 1521 1724 hanc
1553 1683 1672 1737 ipsam

360 1747 567 1801 lympham
602 1746 980 1788 membraniformem
995 1746 1324 1801 immergebatur3
1359 1747 1419 1787 sed
1437 1748 1539 1787 arete
1556 1749 1672 1788 etiam

358 1810 589 1851 cohaerebat
628 1824 717 1851 cum
757 1811 839 1864 ipso
881 1821 993 1851 vtero
1011 1843 1021 1861 ,
1065 1818 1110 1848 vt
1149 1809 1328 1850 laesiones
1360 1809 1497 1864 aliquas
1529 1811 1672 1852 euitare

361 1875 559 1928 nequirem
577 1907 589 1927 ,
632 1883 671 1914 et
711 1874 782 1915 hac
823 1875 871 1914 de
910 1871 1034 1914 caussa
1080 1872 1179 1913 nihil
1217 1873 1264 1913 de
1297 1883 1427 1914 natura
1465 1874 1674 1928 superficiei

358 1937 530 1979 internae
562 1937 750 1979 affirmare
784 1947 847 1978 aut
879 1950 1015 1991 negare
1047 1936 1217 1977 audeam.
1284 1936 1329 1977 In
1356 1946 1469 1978 vtero
1507 1939 1669 1992 vetulae,

361 2001 462 2039 cuius
509 2003 681 2042 ouarium
720 2001 977 2055 hydropicum
996 2033 1007 2053 ,
1057 2000 1176 2053 paries
1204 1997 1373 2040 'anterior
1412 2010 1452 2040 et
1483 2002 1670 2055 posterior

361 2075 479 2105 muco
519 2066 685 2117 quodam
703 2097 715 2117 ⁷
757 2064 818 2106 seu
852 2064 948 2105 sanie
989 2073 1143 2104 cruenta
1175 2063 1381 2117 nigricante
1411 2064 1668 2106 discemeban-

1572 2138 1664 2185 tur3
