1820 2506
374 166 468 224 ³41}
783 165 869 216 DE
897 163 1094 215 rrmzo
1130 165 1413 218 mvn-Eum

367 288 500 331 :rificio
531 288 706 331 tubarum
731 289 1009 344 circumposui.
1077 289 1125 332 In
1156 291 1346 330 anteriore
1375 290 1520 345 pariete
1549 302 1689 346 parum

372 366 397 393 a
430 353 464 393 fi:
498 354 666 393 inuicem
699 353 833 394 distant
866 352 1044 409 (quippe
1076 355 1240 394 omnino
1269 353 1438 394 distantia
1460 354 1687 396 orificorum

366 417 535 458 ‚anterius
561 418 774 457 mensurata
799 417 937 457 ‘minor
968 417 1043 469 est,
1084 429 1198 470 quam
1237 417 1420 470 posterius
1439 416 1485 472 )·,
1526 421 1565 460 in
1605 430 1685 472 quo

366 479 573 520 interuallo
606 480 706 521 aliud
731 481 890 520 stratum
922 480 1195 534 longitudinale
1227 494 1248 520 a
1263 480 1380 521 fundo
1412 481 1460 520 ad
1493 484 1685 522 ceruicem

369 544 534 585 decurrit
547 575 564 595 „
602 545 708 584 cuius
748 544 864 584 fibrae
904 557 982 597 quo
1020 544 1180 598 propius
1226 542 1302 583 huc
1344 543 1572 598 appulerunt
1587 576 1597 596 ,
1633 556 1684 587 eo

369 608 489 659 magis
530 608 764 648 disiiciuntur
792 616 844 647 et
883 620 971 649 cum
1010 609 1094 648 aliis
1132 607 1342 648 transuersis
1389 606 1683 648 confunduntur.

369 669 419 711 In
452 670 654 711 interuallo
684 671 895 724 posteriore
928 680 1007 711 erat
1037 671 1105 711 illa
1138 671 1245 724 regio
1263 703 1274 723 ,
1315 671 1380 711 vbi
1413 671 1588 724 placenta
1618 671 1684 711 ad-

367 732 563 787 haeserat,
603 743 642 774 et
683 734 751 775 vbi
790 733 1067 787 glomeramina
1107 734 1172 775 ista
1198 734 1464 775 arteriolarum
1505 735 1684 788 exsurge·

368 796 489 850 bant3
524 811 618 851 quae
649 799 756 851 regio
787 799 905 851 igitur.
931 798 1095 852 aliquam
1128 789 1315 850 vt-riuique
1341 799 1442 838 orbis
1459 799 1685 851 portionem

367 860 527 914 obtegit.
596 860 777 915 Denique
807 858 903 901 infra
928 861 1024 901 -istos
1057 861 1168 901 orbes
1200 860 1355 900 stratum
1389 861 1542 914 aliquod
1567 861 1685 901 trans·

367 923 509 966 versale
543 934 667 964 totam
700 926 905 964 cauitatem
938 925 1037 964 vteri
1070 934 1264 978 tamquam
1300 936 1399 964 zona
1432 924 1504 964 lata
1538 924 1684 965 ambie-

365 986 431 1030 bat
448 1018 460 1038 ‚
495 986 714 1030 :direc'tione
749 987 801 1027 ‚ad
833 988 927 1027 axin
957 988 1057 1027 vteri
1098 986 1162 1026 vel
1202 987 1249 1026 ad
1280 986 1393 1026 fibras
1425 987 1682 1039 longitudina·

363 1049 420 1094 les
464 1049 784 1104 perpendiculari.
814 1074 817 1078 ,
852 1050 946 1106 Quo
994 1051 1153 1103 propius
1189 1059 1323 1090 autem
1364 1049 1461 1090 haec
1501 1062 1601 1089 zona
1634 1051 1682 1091 ad

363 1113 551 1152 ceruicem
594 1110 796 1151 accesserat
814 1144 826 1164 ‚
869 1124 918 1151 eo
956 1113 1077 1164 magis
1115 1113 1194 1151 eius
1223 1111 1342 1152 fibrae
1371 1112 1653 1154 disiiciebantur
1668 1146 1682 1166 ‚

354 1183 399 1219 -et
440 1187 527 1216 cum
562 1174 641 1215 aliis
673 1173 936 1228 irregularibus,
958 1173 1316 1215 commiscebantur.

509 1237 588 1283 IX.
631 1235 785 1279 Cauitas
817 1238 919 1279 vteri
969 1238 1189 1291 pragnantis
1228 1247 1269 1277 et
1308 1237 1472 1292 virginei
1512 1237 1679 1281 multum

357 1302 459 1343 inter
498 1302 527 1343 si
559 1301 757 1346 differunt.
823 1301 903 1344 Hic
940 1313 1025 1341 non
1063 1302 1139 1342 dici
1178 1301 1306 1355 potest
1341 1314 1534 1342 concauus
1551 1335 1562 1354 ,
1604 1302 1681 1344 siue

357 1378 439 1408 non
480 1365 593 1408 debet
629 1367 673 1406 in
713 1377 764 1409 eo
799 1364 894 1419 fingi
934 1365 1073 1405 cauitas
1098 1364 1228 1418 >aliqua
1256 1365 1443 1419 spatiosa,
1477 1365 1646 1418 laqueata
1663 1399 1679 1419 ‚

358 1429 575 1483 turgidula3
625 1429 686 1469 sed
725 1430 846 1482 paries
886 1428 964 1468 eius
1003 1429 1169 1468 anterior
1204 1438 1248 1469 -et
1281 1429 1467 1482 posterior
1507 1428 1572 1468 fibi
1604 1441 1678 1470 ceu

354 1493 516 1546 planum
544 1493 666 1546 plano
699 1491 932 1534 accumbunt
948 1524 960 1543 ‚
994 1500 1033 1531 et
1065 1490 1147 1532 solo
1179 1504 1298 1532 muco
1329 1492 1676 1545 interstinguuntur,

353 1568 403 1597 ne
435 1556 688 1599 concrescant.
751 1555 824 1596 Ille
853 1567 949 1596 vero
992 1554 1030 1593 in
1047 1554 1255 1607 ampullam
1288 1556 1528 1609 expanditur.
1565 1555 1674 1595 Prae-

353 1631 474 1672 gnans
506 1619 621 1671 igitur
651 1628 779 1662 ,vterus
810 1618 917 1659 mae
946 1616 1091 1658 vesicae
1130 1617 1285 1659 inflatae
1303 1650 1315 1671 ‚
1350 1618 1543 1672 virgineus
1571 1618 1676 1672 lage·

352 1694 425 1728 nae
459 1679 696 1735 compreffae
727 1682 1003 1736 aequiparatur.

506 1758 562 1797 Χ.
600 1743 745 1786 Ceruix
763 1778 775 1797 ,
826 1745 901 1787 flue
935 1745 1086 1785 collum
1126 1746 1226 1787 vteri
1264 1757 1350 1785 non
1391 1744 1531 1797 exigua
1562 1745 1674 1788 huius

355 1810 493 1862 organi
529 1810 665 1863 portio
710 1809 777 1849 est.
840 1806 919 1850 Sed
958 1808 999 1848 in
1039 1808 1133 1849 statu
1172 1817 1382 1862 pragnante
1422 1820 1503 1847 non
1536 1809 1576 1849 in
1609 1822 1667 1850 ea-

353 1874 449 1917 dem
483 1873 668 1926 temporis
700 1873 957 1928 proportione
989 1872 1260 1913 mutationibus
1291 1881 1331 1911 et
1361 1871 1576 1913 extensioni
1598 1874 1683 1926 ob·3

358 1937 520 1980 noxiam
553 1935 628 1979 effe
660 1949 705 1977 ac
735 1936 892 1979 fimdum
910 1964 922 1988 ‚
964 1935 1244 1978 obseruationes
1280 1934 1429 1975 nostrae
1458 1935 1668 1977 luculenter

357 2000 581 2040 docuerunt.
648 1999 696 2040 In
744 2000 893 2053 virgine
945 2008 984 2040 et
1029 1999 1164 2041 vetulis
1205 1997 1399 2039 dimidiam
1453 2011 1666 2052 propemo-

356 2062 449 2108 dum
478 2063 757 2118 longitudinem
791 2064 907 2107 totius
940 2064 1038 2106 vteri
1055 2095 1066 2117 ‚
1101 2074 1195 2117 quae
1226 2070 1272 2103 vt
1302 2070 1444 2104 notmn
1476 2062 1529 2104 est
1547 2095 1559 2116 ,
1593 2063 1665 2103 vix

900 2157 902 2159 »
1497 2126 1502 2129 ’
1571 2125 1664 2166 duos
