1820 2506
365 206 383 233 1
392 205 417 235 0
428 200 451 236 8
643 188 829 237 EXAM
830 194 907 236 EN
939 186 1207 236 ARTIFICII
1234 193 1407 239 NAVIS

363 311 511 365 recipit.
579 311 679 351 Huic
712 312 878 353 tabulato
910 313 949 351 iu
982 312 1020 351 A
1056 311 1262 364 appensum
1293 315 1337 354 fit
1354 314 1562 368 pendulum
1587 313 1664 355 AB

364 388 453 415 cum
492 387 647 415 {innexo
681 378 853 429 pondere
891 375 924 414 Β
958 376 1090 414 itidem
1124 375 1293 428 perfecte
1325 379 1476 419 elastico
1495 412 1505 431 ,
1540 378 1664 431 quod,

363 439 457 478 dum
492 452 561 492 per
591 441 834 492 quaeinintem
869 436 937 477 BC
971 438 1158 478 descendit
1187 439 1360 493 impellet
1389 442 1609 493 tabulatum,
1628 451 1668 481 et

364 502 472 544 fimul
505 512 630 542 totum
665 503 854 553 nauigium
888 514 1044 553 proram
1064 500 1104 543 G
1122 502 1247 542 versus
1279 505 1534 556 promouebit.
1578 504 1668 545 Post

364 566 485 606 istum
520 575 645 605 autem
687 566 735 602 (τῖς.
770 564 1027 605 elasticitatem
1071 565 1207 606 resiliet
1225 599 1236 618 ,
1270 567 1482 620 iterumque
1518 568 1670 609 descen-

368 630 495 670 dendo
513 629 649 668 similes
676 629 768 667 icius
801 629 986 668 contiuuo
1016 638 1197 683 repetetz,
1232 629 1355 682 sicque
1396 631 1481 669 naui
1520 640 1671 672 motum

368 706 579 747 perennem
611 692 775 732 inducet.
844 691 910 733 Ne
936 701 1065 732 autem
1100 693 1165 733 iste
1197 693 1352 746 penduli
1385 704 1513 733 motus
1546 693 1597 734 ob
1613 707 1674 734 re-

367 757 571 797 sistentiam
604 757 696 796 aeris
727 755 859 796 sensim
892 755 1098 808 languescat
1118 789 1130 808 ,
1161 756 1223 796 sed
1249 757 1457 809 pendulum
1500 758 1675 798 constan-

369 829 428 859 ter
471 821 516 859 ad
555 820 769 873 quadrantis
808 820 961 859 initium
1002 818 1037 859 B
1070 819 1302 860 ascendendo
1345 821 1535 874 pertingat
1553 854 1562 872 ,
1596 820 1675 861 hoc

371 896 450 936 ope
484 884 666 923 automati
685 915 696 934 ,
731 883 1056 936 quemadmodum
1089 883 1129 924 in
1148 882 1362 936 horologiis
1394 884 1567 937 pendulis
1590 884 1675 925 fieri

368 946 460 986 solet
479 979 490 998 ‚
524 946 689 985 obtineri
722 944 831 999 poffe
862 947 1016 986 indicat.

520 1010 552 1058 ς.
580 1020 618 1058 ς.
657 1008 698 1049 Si
732 1009 777 1049 ad
811 1008 883 1048 hos
917 1010 1012 1050 idrus
1031 1009 1250 1051 succesfiuos
1269 1044 1280 1063 ‚
1315 1011 1446 1066 quibus
1464 1011 1671 1053 tabulatum

370 1074 411 1114 A
454 1072 485 1114 F
536 1074 724 1113 continuo
772 1074 980 1126 percutitur
998 1107 1009 1125 ‚
1043 1073 1162 1115 solum
1210 1074 1448 1128 respiciamus
1466 1109 1476 1127 ,
1518 1076 1675 1117 dubium

371 1139 521 1191 prorfils
570 1137 622 1176 est
655 1135 801 1175 nullum
819 1168 831 1187 ,
863 1137 955 1189 quin
987 1137 1031 1175 iis
1062 1138 1166 1177 nauis
1196 1139 1242 1177 ad
1275 1149 1424 1178 motum
1473 1139 1648 1179 incitetur
1667 1170 1679 1190 ‚

372 1200 565 1254 molesque
598 1198 755 1253 penduli
793 1197 902 1239 facile
936 1211 1102 1253 eousque
1135 1201 1264 1252 augeri
1304 1200 1429 1253 poss‘et
1448 1233 1458 1252 ‚
1489 1211 1534 1240 vt
1575 1202 1680 1242 nauis

372 1264 540 1317 superata
573 1275 691 1317 aquae
723 1262 924 1303 resistentia
941 1295 951 1314 ‚
985 1264 1226 1319 quantumuis
1258 1277 1438 1317 magnam
1473 1264 1677 1318 consequa-

373 1337 434 1368 tur
464 1326 706 1367 celeritatem.
774 1326 920 1366 Vemm
955 1325 1019 1365 hic
1061 1339 1210 1380 quoque
1228 1328 1602 1368 animaduertendum
1628 1328 1682 1368 est

374 1390 585 1446 pendulum
604 1423 615 1442 ,
661 1391 752 1430 dum
805 1389 1016 1430 alternatim
1069 1390 1229 1429 ascendit
1276 1400 1315 1430 et
1363 1391 1550 1432 descendit
1596 1392 1680 1433 vim

377 1455 608 1495 contrariam
649 1455 689 1493 in
731 1466 870 1494 nauem
912 1465 1069 1493 exerere
1087 1485 1098 1504 ,
1131 1466 1205 1506 qua
1245 1466 1290 1494 ea
1321 1455 1486 1508 puppim
1517 1454 1562 1495 D
1595 1468 1682 1496 ver-

376 1520 432 1559 sus
464 1518 692 1558 sollicitetur.
758 1517 956 1573 Quoniam
1006 1518 1111 1556 enim
1154 1518 1363 1570 pendulum
1404 1519 1442 1557 in
1484 1519 1618 1571 quouis
1636 1518 1682 1559 s1-

376 1592 417 1622 tu
461 1581 548 1622 AM
590 1590 669 1621 tam
703 1593 725 1620 a
758 1580 929 1633 pondere
947 1611 957 1631 ,
992 1592 1105 1632 quam
1140 1592 1160 1619 a
1193 1582 1233 1620 vi
1267 1580 1471 1633 centrifuga
1503 1583 1685 1634 tenditur,

377 1645 478 1686 hanc
514 1646 596 1685 vim
639 1644 825 1697 puudtum
860 1642 1103 1696 suspensionis
1133 1643 1172 1683 A
1207 1644 1354 1684 sustinet
1371 1677 1381 1696 ,
1418 1644 1463 1684 ab
1497 1658 1613 1699 eaque
1629 1646 1683 1686 se-

380 1708 548 1749 cundum
597 1708 850 1748 diredtionem
892 1706 980 1747 AM
1023 1706 1212 1759 trahitur,
1254 1721 1348 1762 quae
1381 1708 1440 1748 vis
1472 1722 1560 1749 cum
1596 1723 1685 1762 per-

380 1782 503 1826 petuo
535 1771 739 1813 retrorsum
774 1772 952 1823 dirigatur
970 1803 981 1822 ,
1016 1771 1119 1810 nauis
1153 1772 1199 1811 ab
1231 1785 1275 1811 ea
1308 1771 1508 1812 retrorsum
1545 1773 1685 1826 impel-

381 1836 489 1876 letur.
554 1835 658 1876 Hinc
699 1835 876 1889 impulsio
917 1834 1021 1875 nauis
1061 1847 1217 1887 proram
1261 1833 1299 1877 G
1333 1834 1456 1875 versus
1497 1835 1686 1877 efficietur

382 1909 530 1942 tantum
563 1896 718 1939 excess‘u
737 1931 747 1951 ,
782 1911 858 1952 quo
891 1898 992 1938 vires
1025 1899 1268 1950 percuffionis
1300 1899 1471 1952 superant
1504 1898 1570 1939 has
1589 1913 1683 1940 con-

385 1963 504 2004 tinuas
535 1962 816 2005 sollicitationes
865 1971 970 2004 retro
1008 1961 1168 2004 directas
1186 1995 1196 2013 ,
1237 1963 1420 2017 siquidem
1463 1961 1682 2005 huiusmodi

383 2025 554 2069 excefl‘us
587 2027 705 2069 detur-

1586 2157 1620 2206 ς.
1641 2161 1683 2196 6.
