1820 2506
414 226 482 280 46
487 240 511 270 2
666 228 749 272 DE
792 224 1205 274 ABERRATIONE
1236 232 1275 275 F
1273 231 1346 275 IX
1346 233 1466 277 ARV
1464 233 1521 277 M

413 349 463 402 Υβ.
497 346 671 401 Angulus
702 346 972 389 hieinuentus
1013 347 1048 389 B
1079 348 1311 390 subtrahatur
1351 363 1372 390 a
1406 350 1647 404 longitudine
1679 350 1740 392 so-

501 412 548 452 lis
582 409 750 467 (abditis
784 416 888 460 3600
921 412 947 452 fi
981 411 1108 466 opus)
1144 423 1189 453 vt
1223 414 1432 454 inueniatur
1471 417 1626 467 angulus
1659 417 1701 457 X
1723 447 1740 468 ‚

499 476 567 528 qui
599 476 784 516 monstrat
819 477 948 516 locum
966 477 1031 516 vbi
1067 476 1226 517 ascenslO
1252 478 1357 517 reeta
1373 491 1557 531 apparens
1576 480 1738 533 aequalis

492 538 550 579 est
582 552 714 592 verae,
749 540 809 581 seu
826 541 992 581 variatio
1005 540 1224 581 ascensionis
1240 541 1365 581 reetae
1381 552 1444 580 aut
1461 542 1646 581 aberratio
1679 542 1736 583 est

494 603 597 644 nulla
616 637 626 656 ,
669 605 772 645 idem
814 604 917 644 valet
958 605 1005 644 de
1044 604 1133 645 loco
1175 604 1261 645 solis
1301 606 1345 645 X
1387 618 1475 645 cnm
1516 605 1671 646 adieetis
1705 609 1735 645 6

494 668 606 722 fignis
639 668 715 708 fiue
755 669 895 721 angulo
927 668 979 708 V.

527 732 623 773 Tria
657 732 758 786 figna
800 742 888 773 ante
928 742 968 774 et
1008 731 1095 786 post
1128 732 1227 774 hunc
1268 732 1397 774 locum
1440 732 1601 773 ascenfio
1633 734 1736 777 resta

528 796 584 837 est
624 796 800 837 maxima
838 807 877 836 et
919 796 984 836 vel
1027 798 1075 838 ad
1111 798 1302 838 orientem
1352 797 1415 837 vel
1458 798 1701 839 Occldentem
1721 831 1735 853 ,

528 862 658 913 prouti
690 860 798 914 supra
836 861 1004 901 inuenta.

413 937 469 982 ιγ.
508 924 601 978 Quo
635 934 764 964 autem
798 925 984 977 quantitas
1027 924 1105 977 ipsa
1148 936 1197 963 eo
1230 923 1401 963 exactius
1432 924 1735 981 determinetur,

506 985 724 1040 sequentem
759 987 799 1026 in
834 988 991 1026 modum
1026 988 1333 1041 producendum.

605 1056 625 1099 ἲ
666 1078 691 1104 α
725 1063 1024 1116 Longarithmus
1063 1063 1156 1102 finus
1198 1062 1315 1101 totius

433 1155 482 1197 dd
601 1099 621 1194 ἑ
665 1127 695 1180 β
793 1145 834 1153 -
931 1145 973 1153 -
1069 1124 1166 1165 smus
1202 1120 1293 1162 20s'

406 1167 431 1202 ³
484 1163 565 1196 atur
614 1196 622 1250 ξ
666 1202 706 1244 γ
800 1211 843 1218 -
937 1210 978 1221 -
1059 1186 1217 1228 Cosmus
1235 1199 1318 1240 ang.
1331 1186 1416 1227 ΕΓ.
1439 1188 1484 1229 ad
1502 1189 1649 1231 stellam
1667 1204 1735 1246 per

606 1253 631 1298 L
1055 1251 1350 1294 declinationem
1368 1251 1444 1293 iam
1463 1254 1646 1297 inuentus.

752 1332 801 1373 de
834 1331 907 1372 hac
940 1331 1084 1373 summa

406 1427 646 1476 ffibtrahamr
722 1412 746 1438 α
777 1396 976 1451 Logarith.
1013 1395 1109 1437 sinus
1150 1407 1255 1436 arcus
1287 1391 1336 1434 B.

664 1403 688 1516 Ξ
722 1463 754 1518 β
817 1482 858 1489 -
922 1481 964 1489 --
1048 1459 1195 1500 cosmus
1227 1458 1489 1499 declinationis
1522 1458 1660 1500 stellae.

749 1533 957 1574 Refiduum
1001 1533 1072 1573 erit
1106 1543 1284 1572 numerus
1324 1530 1568 1571 secundorum
1603 1530 1731 1572 maxi-

747 1608 835 1642 mae
860 1595 1120 1646 amantionis,
1147 1594 1270 1647 quoad
1291 1591 1547 1633 ascensionem
1567 1595 1728 1634 rectam.

409 1656 441 1700 ὃ
475 1657 640 1714 Cognita
673 1660 845 1700 maxima
884 1656 1276 1710 aberratione‚facilis
1308 1657 1380 1695 erit
1413 1657 1624 1696 distributio
1658 1669 1732 1709 pro

472 1725 624 1779 fingulis
655 1723 853 1773 mensibus,
888 1731 951 1761 aut
998 1725 1038 1761 in
1072 1722 1152 1760 dies
1185 1721 1340 1770 decem,
1385 1719 1448 1758 vel
1482 1719 1508 1758 fi
1541 1721 1660 1759 mauis
1692 1722 1731 1760 in

474 1789 552 1829 dies
599 1787 764 1841 singulos
805 1784 1076 1825 vniuscuiusuis
1118 1783 1255 1824 mensis
1288 1794 1371 1835 pari
1396 1782 1546 1821 ratione
1565 1795 1607 1822 ac
1627 1784 1730 1837 supra

476 1851 730 1900 monstratum
765 1849 831 1889 est.

531 1915 608 1961 Vel
642 1915 669 1957 fi
699 1914 820 1963 mauis
852 1912 1018 1966 sequenti
1059 1909 1249 1951 vtendum
1284 1908 1357 1948 erit
1390 1907 1574 1961 analogia.

603 1979 660 2021 Vt
679 1980 783 2034 finus
817 1984 911 2017 totus
931 2009 941 2028 ,

604 2044 675 2087 Ad
698 2043 821 2097 finum
861 2052 969 2081 arcus
1013 2036 1026 2093 (
1041 2037 1354 2096 fi.d{ffe1·etztia
1394 2034 1623 2089 longitudinis
1656 2036 1732 2094 X)

743 2107 763 2156 §
800 2118 823 2142 2
859 2106 1123 2145 determinato:

1666 2163 1729 2205 Ita
