1820 2506
421 173 504 220 DE
536 170 602 218 Vr
634 172 800 218 AERIS
841 168 1124 217 ELASTJCA
1377 182 1467 224 309

134 298 254 343 rionis
295 296 468 338 nondum
510 296 747 350 conglaciata
786 294 855 336 fuit
880 326 892 347 ,
936 303 991 342 52
1032 291 1098 334 lin.
1135 290 1256 348 Quod
1290 288 1462 345 phaeno-

137 376 284 407 menon
335 363 518 416 quoniam
569 374 659 402 cum
720 351 801 411 eis,
854 370 950 413 quae
1000 356 1070 410 ipsi
1119 355 1272 410 experti
1312 356 1436 397 sumus
1455 387 1466 408 ,

139 430 252 471 omni
293 427 439 468 ratione
480 427 692 479 conuenit,
735 425 885 480 optime
928 423 976 464 ad
1009 420 1251 478 propositum
1292 421 1465 463 nostrum

138 492 311 535 adhiberi
344 489 482 546 potest.

288 557 323 606 ᾧ.
345 569 387 606 9.
425 556 614 597 Ponamus
647 552 866 596 firmitatem
901 552 985 595 ferri
1020 553 1087 595 fusi
1105 586 1115 606 ,
1150 564 1202 593 ex
1236 565 1314 607 quo
1349 549 1459 592 bom-

136 621 207 665 bae
239 620 361 677 parari
392 619 514 660 solent
532 652 544 672 ‚
577 621 678 659 inter
709 619 794 659 ferri
828 629 864 659 et
896 618 988 659 vitri
1025 617 1248 659 firmitatem
1282 614 1358 657 effe
1376 628 1462 656 me>

134 688 237 729 diam
256 719 267 739 ,
313 683 365 725 ob
405 684 548 725 mixtas
581 684 621 723 in
654 683 723 724 illo
756 681 995 724 vitrescentes
1036 680 1236 737 particulas
1266 694 1356 722 cum
1391 681 1464 721 fer·

133 753 220 793 reis.
287 749 483 804 Quoniam
517 759 569 788 ex
610 746 1040 789 Muschenbroeckianis
1072 746 1348 801 experimentis
1382 745 1466 786 col·

131 814 259 869 ligitur
290 812 514 853 firmitatem
556 811 647 853 vitri
680 814 726 854 ad
756 812 975 853 firmitatem
1018 813 1106 853 ferri
1135 811 1214 851 effe
1245 821 1290 851 vt
1328 824 1385 861 24
1418 809 1467 851 ad

136 891 239 931 450,
259 879 330 918 erit
363 878 490 917 media
518 886 603 926 237
625 910 635 929 ,
663 878 834 931 adeoque
860 876 960 916 vires
984 876 1032 917 ad
1065 875 1250 915 bombam
1282 887 1465 927 rumpen-

134 944 221 984 dam
240 940 560 996 requiriaequales
578 947 783 992 904105-}
798 939 927 980 librae.
951 939 1092 979 Pollex
1107 939 1261 979 cubicus
1272 936 1463 979 Mercurii

130 1008 323 1062 ponderat
346 1019 478 1059 grana.
522 1012 639 1056 5048
664 1020 674 1060 3
710 1005 892 1046 columna
922 1003 1035 1057 igitur
1053 1002 1292 1045 Mercurialis
1330 1015 1461 1043 aereae

129 1070 407 1126 aequipolen5‚
448 1070 616 1110 insistens
656 1069 774 1124 plano
822 1067 998 1108 sectionis
1015 1067 1148 1108 circuli
1179 1067 1345 1108 maximi
1377 1080 1460 1107 cru-

131 1136 206 1176 stae
241 1135 404 1188 glacialis
420 1134 626 1186 inglobum
645 1132 1057 1185 reductaeponderabit
1091 1145 1206 1184 grana
1245 1142 1359 1180 1375
1376 1144 1461 1181 159

131 1199 193 1240 seu
227 1199 338 1239 libras
354 1209 478 1251 prope
502 1210 518 1235 1
532 1207 601 1246 50.
642 1198 745 1238 Hinc
763 1198 809 1238 ad
828 1187 1082 1249 rumpendam
1101 1194 1285 1236 bombum
1306 1228 1316 1248 ‚
1351 1194 1379 1236 fi
1398 1196 1462 1236 vel

133 1264 278 1317 integra
311 1262 431 1303 crusta
465 1260 629 1315 glacialis
661 1261 782 1302 fuiffet
813 1261 865 1301 nil
899 1259 968 1300 nisi
1000 1257 1238 1314 compreffus
1273 1271 1364 1313 aer,
1399 1271 1460 1300 re—

132 1330 345 1383 quireretur
366 1331 484 1366 6000
512 1326 566 1367 ies
597 1325 744 1367 denlior
760 1324 1068 1379 atmosplierico,
1095 1334 1205 1379 atque
1224 1322 1320 1364 adeo
1339 1325 1459 1366 crusta

130 1392 297 1447 glacialis
319 1390 514 1446 plusquam
542 1390 661 1432 sexies
684 1390 804 1432 semet
820 1387 895 1444 ipsit
919 1389 1069 1443 grauior
1095 1389 1171 1429 effe
1190 1389 1356 1429 deberet.

268 1456 303 1505 ξ.
329 1469 396 1495 10.
427 1455 540 1509 Aqua
566 1455 631 1496 sub
645 1468 833 1510 campana
861 1455 999 1494 antliae
1017 1455 1213 1495 exteriore
1231 1466 1315 1494 aere
1342 1454 1449 1496 dece

132 1521 246 1562 dente
272 1521 400 1562 multo
417 1521 606 1561 maiorem
626 1522 774 1574 capiam
793 1519 887 1559 aeris
905 1517 1048 1559 emittit
1066 1552 1075 1570 ,
1118 1531 1233 1572 quam
1275 1531 1371 1572 quae
1406 1531 1459 1559 ex

130 1580 417 1638 congelascente
458 1597 552 1638 aqua
584 1584 672 1637 gelu
705 1585 855 1626 elicitur
887 1593 927 1622 et
961 1583 1001 1622 in
1020 1582 1136 1623 bullas
1169 1582 1253 1622 vasa
1283 1592 1456 1637 rupturas

130 1649 334 1702 colligitur.
401 1649 513 1690 Vnde
546 1659 705 1702 apparet
738 1661 864 1690 aerem
906 1647 946 1687 in
983 1660 1077 1701 aqua
1110 1657 1337 1687 contentum
1372 1660 1454 1687 non

128 1726 294 1755 omnem
322 1706 522 1756 *resumere
555 1714 639 1754 vim
675 1712 776 1755 suam
810 1712 1000 1753 elasticam
1032 1724 1101 1766 per
1133 1712 1453 1764 congelationem,

130 1779 302 1832 adeoque
352 1791 424 1818 nec
475 1779 664 1830 integrum
715 1780 754 1818 in
808 1777 1025 1818 cohibentia
1076 1774 1161 1815 vasa
1211 1788 1336 1829 agere.
1405 1776 1452 1817 Id

132 1851 259 1884 autem
307 1841 335 1883 fi
385 1842 602 1893 obtineret,
652 1843 780 1883 multo
827 1842 992 1883 maiores
1033 1839 1194 1880 effectus
1234 1841 1281 1880 ab
1314 1840 1452 1882 eadem

133 1905 198 1946 vel
230 1905 345 1947 iidem
377 1919 398 1946 a
430 1906 573 1948 minori
612 1907 726 1960 copia
766 1907 900 1960 glaciei
934 1905 1208 1946 exsererentur.
1277 1904 1343 1945 Ex
1380 1905 1452 1946 hac

130 1969 258 2023 itaque
298 1971 572 2012 circumstantia
613 1970 666 2011 illi
684 2003 695 2025 ,
737 1984 852 2025 quam
895 1968 982 2010 Cel.
1017 1968 1256 2010 Bernoullius
1290 1978 1451 2010 annota-

130 2037 191 2075 vit
219 2029 305 2090 (ΞΝ)
336 2036 485 2089 gemina
503 2070 515 2089 ,
548 2037 661 2080 etiam
694 2048 852 2090 apparet
892 2035 987 2075 aeris
1017 2033 1297 2075 elasticitatibus
1329 2033 1453 2074 densi-

752 2102 835 2157 Qq
857 2111 879 2148 3
1354 2106 1452 2140 tates

135 2158 226 2208 ’φ
249 2168 371 2206 Hydrod.
394 2163 520 2208 95'24‘20
