1820 2506
353 177 447 227 360
564 166 1026 218 OBSERVATIONES
1079 167 1487 220 ANATOMICAE

360 297 445 352 guit
460 328 471 349 ,
505 296 703 351 Vtrimque
735 296 850 350 copia
883 292 1064 335 humoris
1094 292 1219 335 tenuis
1235 290 1259 346 ,⁹
1287 292 1471 347 ichomfi,
1505 291 1696 335 subrubei-

356 361 428 405 10-
447 360 678 403 flauescentis
694 394 704 413 ,
773 360 905 401 foetidi
922 392 934 412 ,
994 359 1130 399 vnicae
1179 356 1395 400 mensuram
1415 391 1427 411 ,
1473 357 1539 398 vel
1580 358 1697 413 paulo

362 427 448 482 pius
467 458 477 477 ‚
511 426 724 465 referentis.
791 424 858 465 Pia
891 432 1018 464 mater
1052 432 1179 462 autem
1214 433 1294 462 erat
1326 422 1570 475 integerrima
1591 456 1602 476 ,
1636 422 1698 463 sed

366 502 506 545 parum
546 493 587 529 in
630 490 775 529 dextro
814 488 909 529 lobo
948 500 970 527 a
1005 487 1151 527 cortice
1185 487 1364 540 eleuata3
1407 486 1600 527 corticalis
1632 499 1699 528 au-

365 564 447 596 tem
484 553 683 595 substantia
717 552 794 606 ipsa
813 585 824 605 ‚
864 552 929 593 sub
961 551 1035 592 hac
1069 551 1284 593 eleuatione
1326 552 1413 604 piae
1448 552 1582 592 matris
1599 583 1610 603 ‚
1642 551 1697 592 le-

364 619 471 661 viter
522 617 796 673 protuberabat
844 617 885 659 in
914 627 1149 658 mucronem
1192 615 1368 658 obtusum
1386 647 1398 668 ‚
1441 624 1482 655 et
1514 614 1615 656 male
1647 614 1699 658 af-

364 682 464 726 steca
496 683 731 724 flauefcebat.

487 747 533 789 In
568 745 731 789 dissecto
764 758 886 800 porro
919 746 1081 788 cerebro
1114 744 1214 787 nihil
1255 744 1386 786 inueni
1437 752 1702 799 praeternatu-

367 811 448 855 mle
482 822 545 853 aut
577 810 817 854 morbosum.
886 809 1129 852 Cerebellum
1163 810 1301 850 itidem
1343 818 1422 848 erat
1453 808 1622 863 perfecte
1645 809 1700 850 sa·

370 890 479 919 num.
546 880 613 919 An
655 876 784 918 homo
825 874 891 916 hic
933 875 1127 917 obnoxius
1167 873 1278 914 fuerit
1310 872 1452 914 morbo
1493 872 1654 914 neruoso
1687 905 1700 927 ‚

372 940 578 996 epilepsiae
597 973 609 993 ‚
667 937 960 992 vertiginibus?
1009 939 1203 979 incertum
1254 937 1335 989 est,
1390 937 1576 990 quoniam
1598 970 1609 989 ,
1659 939 1702 979 'm

372 1005 551 1060 pauperis
602 1004 725 1059 ignoti
778 1003 881 1043 vitae
921 1002 1151 1044 ante-actae
1191 1011 1254 1042 aut
1286 1000 1417 1042 morbi
1450 1013 1568 1055 genus
1598 1000 1702 1043 nulla
1748 1027 1751 1029 -

369 1068 551 1125 superfuit
585 1067 837 1120 inuestigatio.

490 1132 557 1174 An
612 1130 718 1172 caui‘a
757 1129 897 1170 mortis
938 1128 1150 1169 subitaneae
1190 1129 1261 1170 fi1it
1299 1137 1411 1183 rupta
1441 1130 1483 1169 in
1516 1130 1707 1171 anteriore

374 1195 522 1238 cerebri
563 1194 660 1236 lobo
703 1191 901 1235 vomica?
942 1206 990 1234 an
1032 1194 1195 1234 ebrietas
1233 1202 1390 1233 motum
1426 1192 1609 1248 fimguinis
1639 1206 1706 1234 au·

377 1262 506 1314 gendo
537 1259 762 1301 accelerauit
793 1256 1030 1312 rupturam?
1071 1260 1140 1299 An
1173 1256 1287 1298 ichor
1326 1258 1367 1298 in
1402 1267 1511 1312 parte
1544 1257 1709 1312 posteri-

374 1337 447 1366 ore
480 1324 618 1379 capitis
660 1323 770 1378 supra
803 1323 941 1364 duram
980 1332 1148 1365 matrem
1187 1323 1361 1363 inuentus
1395 1321 1704 1364 stibrubello-fla-

380 1390 534 1430 vescens
553 1422 564 1443 ‚
599 1383 742 1442 integra
775 1387 838 1441 pia
871 1398 994 1428 matre
1013 1421 1025 1440 ‚
1058 1387 1204 1428 ibidem
1238 1385 1391 1427 emissus
1422 1385 1474 1426 est
1492 1400 1564 1441 per
1581 1386 1708 1428 oscula

379 1453 566 1495 vasorum
609 1451 878 1493 exhalantium
925 1449 1113 1493 dilatata?
1154 1464 1203 1491 an
1253 1451 1493 1505 resorptione
1534 1464 1604 1506 per
1637 1464 1707 1492 ve-

380 1518 487 1559 nulas
531 1517 716 1559 minimas
764 1515 971 1556 tenuiffimi
1022 1515 1232 1569 stagnando
1272 1517 1512 1569 computruit
1554 1515 1708 1556 craffior

382 1580 526 1633 fictus,
570 1580 718 1622 humor
756 1578 953 1633 reliquus?
993 1580 1062 1620 An
1096 1580 1256 1619 demum
1290 1592 1342 1619 ex
1375 1580 1535 1621 vomica
1567 1580 1708 1620 anteri-

382 1658 455 1687 ore
504 1645 684 1687 materies
733 1643 911 1685 morbosa
960 1656 1031 1697 per
1061 1643 1149 1683 vasa
1189 1642 1358 1697 resorpta
1389 1644 1553 1684 mmima
1573 1677 1584 1696 ‚
1635 1655 1706 1698 per

384 1710 520 1752 senfim
546 1710 696 1750 maiora
744 1717 918 1761 recepta,
938 1708 1025 1747 dein
1044 1707 1183 1747 iterum
1203 1719 1276 1761 per
1301 1707 1556 1748 decrescentia
1575 1709 1705 1749 mino-

386 1787 428 1816 ra
457 1784 498 1815 et
540 1774 708 1814 minima
750 1771 875 1813 delata
906 1771 954 1812 ad
983 1769 1223 1825 posteriora,
1258 1770 1404 1812 ibidem
1422 1772 1475 1812 est
1519 1772 1706 1826 depofita.

505 1836 572 1879 De
613 1836 830 1879 abscessibus
869 1837 967 1876 intra
1009 1836 1186 1882 cranium
1205 1869 1217 1887 ,
1260 1844 1342 1875 tam
1383 1836 1483 1876 intra
1516 1836 1707 1878 membra-

386 1914 452 1944 nas
470 1936 481 1955 ,
517 1915 636 1958 quam
677 1900 908 1943 ventriculos
946 1900 1120 1952 cerebri,
1164 1913 1206 1941 ac
1242 1899 1284 1939 in
1316 1898 1482 1940 eiusdem
1515 1900 1708 1942 substantia

390 1967 470 2019 ipfa
490 2001 500 2019 ‚
541 1967 637 2008 ortis
655 2000 667 2019 ,
692 1962 879 2020 'prostant
920 1965 1107 2019 exempla
1156 1963 1255 2018 apud
1305 1962 1495 2016 plurimos
1534 1965 1699 2006 auctore

395 2030 563 2071 Lazarus
596 2032 775 2073 Riuerius
793 2026 858 2085 Oi)
893 2030 942 2071 de
977 2029 1110 2082 tribus,
1135 2029 1176 2070 in
1209 2027 1360 2069 diuersis
1397 2029 1540 2070 notatis
1575 2029 1692 2069 absce1

1612 2093 1697 2134 fibu.

436 2174 480 2216 (⁸)
504 2175 640 2207 obierunt,
664 2176 715 2215 38.
