1820 2506
277 164 358 205 DE
391 159 632 205 CALORIS
666 156 746 205 ET.
779 156 1044 203 FRIGORIS
1078 158 1277 202 CAVSA.
1353 171 1445 208 219

134 286 314 335 derogat,.
333 278 446 334 atque
479 281 576 320 adeo
607 278 794 320 crescente
825 288 938 327 motu
955 278 1154 333 gyratorio
1176 275 1446 329 cohaesionem

132 344 399 402 particularum
431 345 552 385 minui
577 353 749 398 oportet.
811 342 932 384 ‘Vnde
962 343 1130 393 minime
1160 341 1303 382 mirum
1336 340 1389 380 est
1406 341 1449 379 vi

133 411 268 452 caloris
297 407 525 450 solidorum·
546 410 660 449 etiam
697 419 909 461 corporum
933 408 1111 448 duritiem
1129 405 1329 457 debilitari,
1365 405 1448 445 imo

134 476 185 515 ita
227 471 378 525 infringi
399 507 409 525 ,
451 482 496 513 vt
536 472 684 527 prorsus
724 471 879 512 tollatur
926 470 1195 527 particularum
1235 468 1420 521 *cohaesio
1438 501 1449 519 ‚

135 548 299 593 quorum
331 538 432 590 prius
466 537 505 582 in
540 536 772 591 liquefiidtis
813 536 995 590 posterius
1026 537 1066 577 in
1092 533 1268 575 resolutis
1298 535 1344 574 in
1384 544 1452 573 va-

131 614 245 658 poree
276 602 513 653 experimur.

251 665 311 714 ,5.
330 676 403 714 24.
429 663 559 704 Hinc
568 662 737 717 'sequitur
772 667 817 715 π)
843 661 1069 718 liquiditatis
1100 656 1138 704 et
1164 663 1353 709 fluiditatis
1369 675 1456 702 cor-

137 742 279 785 porum
311 727 456 768 causam
490 724 578 767 effe
597 737 750 775 motum
783 729 1054 782 particularum
1086 728 1336 781 gyratorium‚
1354 727 1459 767 cuius

135 791 394 846 vis··repulfiua
410 791 555 832 {sufficit
569 790 617 832 ad
645 791 799 832 illarum
833 792 1103 833 cohaesionem
1126 791 1299 846 eousque
1323 789 1456 836 infrin-

137 858 314 913 gendam,
346 857 471 897 donec
486 855 554 896 ¹vel
577 855 703 897 libere
735 857 843 897 iuxta
876 856 911 896 se
931 856 1111 896 inuicem
1144 856 1221 896 labi
1249 854 1458 895 etdifflue-

136 920 179 963 re
223 920 392 975 possint,
438 918 507 960 uvel
541 920 699 960 *sublato
739 922 888 973 prorsus
913 918 1059 959 'earum'
1078 947 1081 950 >
1099 916 1204 959 flexu
1232 931 1316 972 ‚per
1353 918 1460 959 auras

137 983 311 1039 diffipari.
348 993 402 1034 2)
425 984 772 1038 >Euaporationum
807 992 845 1024 et
870 978 1347 1024 exhalatiouumffcauffim
1378 982 1461 1037 ple-

136 1062 303 1104 rumque
332 1050 383 1088 rin·
416 1045 475 1088 eo'
503 1044 704 1088 'consistere
721 1080 734 1100 ‚
767 1056 811 1088 vt
846 1056 919 1101 pro
952 1047 1062 1087 vario
1093 1044 1323 1100 aeris1statu-,
1357 1049 1461 1088 varia

138 1116 181 1156 vi
208 1122 475 1154 concurrente
517 1109 715 1152 calorifico
734 1144 746 1163 ‚
787 1123 913 1164 eoque
951 1111 1166 1164 centrifugo
1208 1111 1318 1152 simul
1337 1112 1461 1164 motu,

139 1177 347 1232 particulae
380 1187 612 1228 corporum
626 1173 771 1214 auulssie
795 1173 1030 1227 diffipentur.
1071 1172 1115 1228 3)
1151 1171 1331 1229 Corpora
1347 1175 1464 1215 fluida

138 1250 177 1282 et
225 1239 366 1295 liquida
399 1235 562 1293 semper
594 1238 761 1279 calorem
794 1238 835 1278 in
849 1236 889 1278 ie
904 1237 1017 1291 ,licet
1032 1238 1261 1292 minimum,
1295 1237 1464 1292 habere,

139 1305 386 1361 quantumuis
416 1302 547 1356 frigida
579 1310 800 1356 appareant.

277 1369 326 1417 ξ.
351 1377 422 1417 9.-.5
461 1364 613 1421 Corpus
645 1367 684 1407 A
719 1379 833 1420 agens
866 1367 905 1407 in
939 1379 1079 1421 corpus
1113 1365 1148 1408 B
1179 1369 1370 1410 maiorem
1402 1361 1655 1409 ce‘phaenomss

141 1433 327 1475 leritatem
368 1441 496 1473 motus
533 1432 588 1472 illi
630 1432 852 1485 imprimere
884 1443 964 1471 non
1008 1432 1134 1485 potest
1153 1465 1163 1485 ,
1205 1446 1320 1487 quam
1354 1432 1468 1473 habet

142 1496 279 1551 ipsum.
341 1494 410 1537 --Si
423 1497 539 1550 igitur
571 1508 712 1549 corpus
753 1494 788 1535 B
840 1493 954 1536 fuerit
1002 1495 1182 1549 frigidum
1223 1506 1264 1537 et
1308 1497 1468 1538 immer-

144 1561 224 1603 sum
251 1561 409 1615 corpori
427 1560 547 1601 fluido
566 1559 693 1600 calido
717 1560 781 1613 A3
817 1558 1091 1612 particularum
1112 1562 1288 1614 corporis
1305 1562 1345 1602 A
1380 1574 1469 1602 mo

141 1633 204 1667 'tus
235 1621 485 1669 calorificus
498 1623 683 1664 excitabit
722 1624 763 1664 in
797 1633 949 1664 motum
992 1623 1229 1666 calorificum
1264 1625 1470 1679 particulas

143 1689 314 1743 corperis
334 1687 414 1743 >133
449 1700 585 1732 verum
619 1689 659 1727 in
696 1688 886 1742 particulis
925 1689 1100 1742 corporis
1133 1687 1169 1729 B
1201 1688 1363 1729 celerior
1380 1702 1470 1730 mo-

145 1763 207 1794 tus
238 1753 397 1793 excitari
432 1765 511 1793 non
545 1753 690 1805 poterit
709 1786 720 1805 3
754 1765 869 1806 quam
903 1752 968 1806 qui
1003 1752 1056 1792 est
1085 1754 1124 1793 in
1157 1752 1348 1807 particulis
1382 1765 1469 1793 cor-

146 1817 253 1871 poris
292 1815 346 1869 A,
388 1825 501 1870 atque
540 1816 637 1855 adeo
676 1829 816 1871 corpus
848 1816 1024 1870 frigidum
1055 1814 1090 1856 B
1124 1817 1342 1859 immersum
1381 1829 1468 1858 cor-

144 1882 235 1935 pori
261 1879 300 1920 A
318 1881 507 1922 maiorem
531 1879 703 1921 calorem
723 1913 734 1932 ,
776 1894 889 1934 quam
934 1880 972 1923 A
992 1880 1118 1933 habet,
1152 1882 1358 1935 concipere
1386 1894 1466 1922 non
1480 1900 1656 1941 91,‚en0m,14

147 1942 258 1999 posse
292 1955 409 1998 patet.
477 1945 581 1987 Hinc
616 1953 742 1984 autem
778 1945 1003 1998 perspicitur
1036 1946 1134 1986 ratio
1167 1946 1219 1985 ob
1237 1958 1351 1999 quam
1370 1946 1469 1987 stan-

144 2010 214 2049 nei
267 2008 388 2062 vafis,
430 2020 524 2061 aqua
565 2008 704 2061 pleni,
746 2008 902 2048 fimdum
947 2008 1094 2049 validae
1129 2010 1225 2050 adeo
1259 2010 1440 2052 flammae
1459 2044 1470 2062 ‚

144 2085 224 2128 ’qua
273 2072 361 2114 alias
410 2072 488 2115 hoc
529 2071 731 2118 metallum
777 2071 885 2113 facile
925 2073 1093 2115 funditur
1110 2106 1122 2123 ‚
1165 2074 1330 2116 resistere
1361 2075 1468 2116 solet,

735 2136 772 2179 E
790 2148 812 2176 e
835 2150 858 2177 2
1395 2139 1423 2179 ὲ»
1435 2148 1470 2177 t-
