<?xml version="1.0" encoding="UTF-8"?>
<!DOCTYPE html PUBLIC "-//W3C//DTD XHTML 1.0 Transitional//EN"
    "http://www.w3.org/TR/xhtml1/DTD/xhtml1-transitional.dtd">
<html xmlns="http://www.w3.org/1999/xhtml" xml:lang="en" lang="en">
 <head>
  <title>
</title>
<meta http-equiv="Content-Type" content="text/html;charset=utf-8" />
  <meta name='ocr-system' content='tesseract 3.04.00' />
  <meta name='ocr-capabilities' content='ocr_page ocr_carea ocr_par ocr_line ocrx_word'/>
</head>
<body>
  <div class='ocr_page' id='page_1' title='image "./novicommentariac01impe_0270.png"; bbox 0 0 1820 2506; ppageno 0'>
   <div class='ocr_carea' id='block_1_1' title="bbox 340 175 1572 241">
    <p class='ocr_par' dir='ltr' id='par_1_1' title="bbox 340 175 1572 241">
     <span class='ocr_line' id='line_1_1' title="bbox 340 175 1572 241; baseline -0.008 -6"><span class='ocrx_word' id='word_1_1' title='bbox 340 197 344 208; x_wconf 78' lang='lat'><em>¹</em></span> <span class='ocrx_word' id='word_1_2' title='bbox 376 200 460 241; x_wconf 78' lang='lat'>⁸¹72</span> <span class='ocrx_word' id='word_1_3' title='bbox 510 180 846 231; x_wconf 85' lang='lat' dir='ltr'><em>FORMVL&#39;AE</em></span> <span class='ocrx_word' id='word_1_4' title='bbox 870 182 981 230; x_wconf 86' lang='lat' dir='ltr'>PRO</span> <span class='ocrx_word' id='word_1_5' title='bbox 1012 176 1215 225; x_wconf 75' lang='lat' dir='ltr'><em>GRADV</em></span> <span class='ocrx_word' id='word_1_6' title='bbox 1247 175 1568 236; x_wconf 77' lang='lat' dir='ltr'><strong><em>EXCESSVS‚</em></strong></span> <span class='ocrx_word' id='word_1_7' title='bbox 1570 180 1572 183; x_wconf 80' lang='grc'><strong>’</strong></span> 
     </span>
    </p>
   </div>
   <div class='ocr_carea' id='block_1_2' title="bbox 328 296 1725 2086">
    <p class='ocr_par' dir='ltr' id='par_1_2' title="bbox 369 296 1691 427">
     <span class='ocr_line' id='line_1_2' title="bbox 370 296 1691 360; baseline -0.005 -11"><span class='ocrx_word' id='word_1_8' title='bbox 370 317 498 350; x_wconf 89' lang='lat' dir='ltr'>terum</span> <span class='ocrx_word' id='word_1_9' title='bbox 529 308 713 350; x_wconf 83' lang='lat' dir='ltr'>indicium</span> <span class='ocrx_word' id='word_1_10' title='bbox 746 296 1049 360; x_wconf 73' lang='lat' dir='ltr'>imperfefflonis</span> <span class='ocrx_word' id='word_1_11' title='bbox 1079 301 1157 342; x_wconf 86' lang='lat' dir='ltr'>eius</span> <span class='ocrx_word' id='word_1_12' title='bbox 1189 301 1242 342; x_wconf 88' lang='lat' dir='ltr'>est</span> <span class='ocrx_word' id='word_1_13' title='bbox 1273 311 1313 343; x_wconf 86' lang='lat' dir='ltr'>et</span> <span class='ocrx_word' id='word_1_14' title='bbox 1346 302 1502 357; x_wconf 89' lang='lat' dir='ltr'>quidem</span> <span class='ocrx_word' id='word_1_15' title='bbox 1534 299 1691 343; x_wconf 76' lang='lat' dir='ltr'>euiden-</span> 
     </span>
     <span class='ocr_line' id='line_1_3' title="bbox 369 372 724 427; baseline -0.011 -11"><span class='ocrx_word' id='word_1_16' title='bbox 369 372 564 423; x_wconf 85' lang='lat' dir='ltr'>tiffimum</span> <span class='ocrx_word' id='word_1_17' title='bbox 573 405 585 426; x_wconf 87' lang='lat'>‚</span> <span class='ocrx_word' id='word_1_18' title='bbox 619 372 724 427; x_wconf 89' lang='lat' dir='ltr'>quod</span> 
     </span>
    </p>

    <p class='ocr_par' dir='ltr' id='par_1_3' title="bbox 328 429 1696 999">
     <span class='ocr_line' id='line_1_4' title="bbox 488 429 1694 487; baseline -0.006 -9"><span class='ocrx_word' id='word_1_19' title='bbox 488 441 568 486; x_wconf 91' lang='lat'>(1)</span> <span class='ocrx_word' id='word_1_20' title='bbox 610 436 658 478; x_wconf 92' lang='lat' dir='ltr'>In</span> <span class='ocrx_word' id='word_1_21' title='bbox 690 434 965 487; x_wconf 87' lang='lat' dir='ltr'>experimento</span> <span class='ocrx_word' id='word_1_22' title='bbox 1006 440 1144 486; x_wconf 79' lang='lat' dir='ltr'>quarto</span> <span class='ocrx_word' id='word_1_23' title='bbox 1174 430 1312 472; x_wconf 80' lang='lat' dir='ltr'>crescat</span> <span class='ocrx_word' id='word_1_24' title='bbox 1342 429 1446 472; x_wconf 79' lang='lat' dir='ltr'>calor</span> <span class='ocrx_word' id='word_1_25' title='bbox 1475 431 1560 485; x_wconf 89' lang='lat' dir='ltr'>plus</span> <span class='ocrx_word' id='word_1_26' title='bbox 1576 439 1694 484; x_wconf 78' lang='lat' dir='ltr'>quam</span> 
     </span>
     <span class='ocr_line' id='line_1_5' title="bbox 364 494 1692 559; baseline -0.007 -16"><span class='ocrx_word' id='word_1_27' title='bbox 364 502 646 559; x_wconf 80' lang='lat' dir='ltr'>experimento</span> <span class='ocrx_word' id='word_1_28' title='bbox 677 511 739 552; x_wconf 92' lang='lat' dir='ltr'>qu</span> <span class='ocrx_word' id='word_1_29' title='bbox 730 500 843 550; x_wconf 81' lang='lat' dir='ltr'>&#39;,nto</span> <span class='ocrx_word' id='word_1_30' title='bbox 878 509 968 537; x_wconf 88' lang='lat' dir='ltr'>cum</span> <span class='ocrx_word' id='word_1_31' title='bbox 987 504 1152 550; x_wconf 85' lang='lat' dir='ltr'>vtroque</span> <span class='ocrx_word' id='word_1_32' title='bbox 1177 496 1450 550; x_wconf 85' lang='lat' dir='ltr'>experimento</span> <span class='ocrx_word' id='word_1_33' title='bbox 1472 494 1579 536; x_wconf 78' lang='lat' dir='ltr'>calor</span> <span class='ocrx_word' id='word_1_34' title='bbox 1608 505 1692 535; x_wconf 84' lang='lat' dir='ltr'>non</span> 
     </span>
     <span class='ocr_line' id='line_1_6' title="bbox 328 556 1690 618; baseline -0.004 -12"><span class='ocrx_word' id='word_1_35' title='bbox 328 611 329 615; x_wconf 9' lang='grc' dir='ltr'>η</span> <span class='ocrx_word' id='word_1_36' title='bbox 370 567 510 608; x_wconf 75' lang='lat' dir='ltr'>crei&#39;cre</span> <span class='ocrx_word' id='word_1_37' title='bbox 544 564 605 606; x_wconf 91' lang='lat' dir='ltr'>sed</span> <span class='ocrx_word' id='word_1_38' title='bbox 637 560 840 618; x_wconf 84' lang='lat' dir='ltr'>aequaliter</span> <span class='ocrx_word' id='word_1_39' title='bbox 872 561 995 602; x_wconf 83' lang='lat' dir='ltr'>minui</span> <span class='ocrx_word' id='word_1_40' title='bbox 1025 560 1180 602; x_wconf 82' lang='lat' dir='ltr'><strong>deberet</strong></span> <span class='ocrx_word' id='word_1_41' title='bbox 1211 561 1288 602; x_wconf 87' lang='lat' dir='ltr'>sec:</span> <span class='ocrx_word' id='word_1_42' title='bbox 1324 556 1460 615; x_wconf 86' lang='lat' dir='ltr'>(Exp</span> <span class='ocrx_word' id='word_1_43' title='bbox 1505 557 1540 600; x_wconf 88' lang='lat'>1</span> <span class='ocrx_word' id='word_1_44' title='bbox 1566 557 1626 601; x_wconf 82' lang='lat'>11</span> <span class='ocrx_word' id='word_1_45' title='bbox 1643 564 1690 614; x_wconf 80' lang='lat'>)·‚</span> 
     </span>
     <span class='ocr_line' id='line_1_7' title="bbox 369 630 475 684; baseline -0.009 -12"><span class='ocrx_word' id='word_1_46' title='bbox 369 630 475 684; x_wconf 91' lang='lat' dir='ltr'>quod</span> 
     </span>
     <span class='ocr_line' id='line_1_8' title="bbox 350 688 1692 749; baseline -0.004 -16"><span class='ocrx_word' id='word_1_47' title='bbox 350 723 353 727; x_wconf 83' lang='lat'>.</span> <span class='ocrx_word' id='word_1_48' title='bbox 488 691 564 749; x_wconf 89' lang='lat'>(2)</span> <span class='ocrx_word' id='word_1_49' title='bbox 597 691 646 733; x_wconf 86' lang='lat' dir='ltr'>In</span> <span class='ocrx_word' id='word_1_50' title='bbox 680 692 958 746; x_wconf 83' lang='lat' dir='ltr'>experimento</span> <span class='ocrx_word' id='word_1_51' title='bbox 989 689 1041 730; x_wconf 94' lang='lat' dir='ltr'>V.</span> <span class='ocrx_word' id='word_1_52' title='bbox 1079 688 1184 730; x_wconf 81' lang='lat' dir='ltr'>calor</span> <span class='ocrx_word' id='word_1_53' title='bbox 1213 697 1391 744; x_wconf 81' lang='lat' dir='ltr'>augeatur</span> <span class='ocrx_word' id='word_1_54' title='bbox 1423 689 1552 729; x_wconf 77' lang='lat' dir='ltr'>minus</span> <span class='ocrx_word' id='word_1_55' title='bbox 1575 699 1692 742; x_wconf 69' lang='lat' dir='ltr'>quam</span> 
     </span>
     <span class='ocr_line' id='line_1_9' title="bbox 368 750 1695 811; baseline -0.005 -12"><span class='ocrx_word' id='word_1_56' title='bbox 368 758 411 799; x_wconf 90' lang='lat' dir='ltr'>in</span> <span class='ocrx_word' id='word_1_57' title='bbox 445 755 723 811; x_wconf 78' lang='lat' dir='ltr'>experimentis</span> <span class='ocrx_word' id='word_1_58' title='bbox 763 754 836 796; x_wconf 93' lang='lat' dir='ltr'>VI.</span> <span class='ocrx_word' id='word_1_59' title='bbox 873 764 914 795; x_wconf 91' lang='lat' dir='ltr'>et</span> <span class='ocrx_word' id='word_1_60' title='bbox 945 753 1020 795; x_wconf 85' lang='lat'>111.</span> <span class='ocrx_word' id='word_1_61' title='bbox 1059 767 1149 795; x_wconf 89' lang='lat' dir='ltr'>cum</span> <span class='ocrx_word' id='word_1_62' title='bbox 1181 754 1251 794; x_wconf 86' lang='lat' dir='ltr'>sec.</span> <span class='ocrx_word' id='word_1_63' title='bbox 1286 753 1394 806; x_wconf 84' lang='lat' dir='ltr'>Exp.</span> <span class='ocrx_word' id='word_1_64' title='bbox 1431 751 1464 793; x_wconf 88' lang='grc' dir='ltr'>Ι.</span> <span class='ocrx_word' id='word_1_65' title='bbox 1494 750 1549 792; x_wconf 87' lang='lat'>11.</span> <span class='ocrx_word' id='word_1_66' title='bbox 1586 750 1695 793; x_wconf 76' lang='lat' dir='ltr'>calor</span> 
     </span>
     <span class='ocr_line' id='line_1_10' title="bbox 368 815 1696 875; baseline -0.005 -14"><span class='ocrx_word' id='word_1_67' title='bbox 368 823 642 875; x_wconf 87' lang='lat' dir='ltr'>experimento</span> <span class='ocrx_word' id='word_1_68' title='bbox 675 818 714 858; x_wconf 93' lang='lat' dir='ltr'>V</span> <span class='ocrx_word' id='word_1_69' title='bbox 750 831 831 858; x_wconf 90' lang='lat' dir='ltr'>non</span> <span class='ocrx_word' id='word_1_70' title='bbox 866 819 992 871; x_wconf 84' lang='lat' dir='ltr'>augeri</span> <span class='ocrx_word' id='word_1_71' title='bbox 1024 817 1139 872; x_wconf 78' lang='lat' dir='ltr'>possit</span> <span class='ocrx_word' id='word_1_72' title='bbox 1170 817 1232 857; x_wconf 92' lang='lat' dir='ltr'>sed</span> <span class='ocrx_word' id='word_1_73' title='bbox 1265 817 1352 871; x_wconf 89' lang='lat' dir='ltr'>plus</span> <span class='ocrx_word' id='word_1_74' title='bbox 1381 816 1503 857; x_wconf 89' lang='lat' dir='ltr'>minui</span> <span class='ocrx_word' id='word_1_75' title='bbox 1545 815 1696 869; x_wconf 82' lang='lat' dir='ltr'>debeat,</span> 
     </span>
     <span class='ocr_line' id='line_1_11' title="bbox 368 879 1696 938; baseline -0.003 -14"><span class='ocrx_word' id='word_1_76' title='bbox 368 898 485 938; x_wconf 81' lang='lat' dir='ltr'>quam</span> <span class='ocrx_word' id='word_1_77' title='bbox 515 884 620 925; x_wconf 74' lang='lat' dir='ltr'>calor</span> <span class='ocrx_word' id='word_1_78' title='bbox 662 884 703 923; x_wconf 90' lang='lat' dir='ltr'>in</span> <span class='ocrx_word' id='word_1_79' title='bbox 737 882 1014 935; x_wconf 83' lang='lat' dir='ltr'>experimentis</span> <span class='ocrx_word' id='word_1_80' title='bbox 1043 881 1117 923; x_wconf 82' lang='lat' dir='ltr'>VI.</span> <span class='ocrx_word' id='word_1_81' title='bbox 1136 889 1193 922; x_wconf 15' lang='lat' dir='ltr'>ret</span> <span class='ocrx_word' id='word_1_82' title='bbox 1222 880 1287 922; x_wconf 89' lang='grc' dir='ltr'>ΠΙ</span> <span class='ocrx_word' id='word_1_83' title='bbox 1305 913 1316 934; x_wconf 84' lang='grc'>,</span> <span class='ocrx_word' id='word_1_84' title='bbox 1356 879 1386 922; x_wconf 88' lang='lat' dir='ltr'>fi</span> <span class='ocrx_word' id='word_1_85' title='bbox 1426 881 1696 934; x_wconf 78' lang='lat' dir='ltr'>experimenta</span> 
     </span>
     <span class='ocr_line' id='line_1_12' title="bbox 367 945 1319 999; baseline -0.005 -9"><span class='ocrx_word' id='word_1_86' title='bbox 367 948 616 991; x_wconf 85' lang='lat' dir='ltr'>instituuntur</span> <span class='ocrx_word' id='word_1_87' title='bbox 651 945 864 999; x_wconf 82' lang='lat' dir='ltr'>aequalibus</span> <span class='ocrx_word' id='word_1_88' title='bbox 906 946 1178 999; x_wconf 80' lang='lat' dir='ltr'>temporibus·‚</span> <span class='ocrx_word' id='word_1_89' title='bbox 1213 945 1319 999; x_wconf 91' lang='lat' dir='ltr'>quod</span> 
     </span>
    </p>

    <p class='ocr_par' dir='ltr' id='par_1_4' title="bbox 337 1007 1703 1384">
     <span class='ocr_line' id='line_1_13' title="bbox 488 1007 1697 1063; baseline -0.001 -12"><span class='ocrx_word' id='word_1_90' title='bbox 488 1013 568 1062; x_wconf 82' lang='lat'>(3)</span> <span class='ocrx_word' id='word_1_91' title='bbox 607 1009 657 1051; x_wconf 90' lang='lat' dir='ltr'>In</span> <span class='ocrx_word' id='word_1_92' title='bbox 699 1010 972 1063; x_wconf 75' lang='lat' dir='ltr'>experImento</span> <span class='ocrx_word' id='word_1_93' title='bbox 1012 1008 1086 1050; x_wconf 92' lang='lat' dir='ltr'>VI.</span> <span class='ocrx_word' id='word_1_94' title='bbox 1130 1008 1206 1049; x_wconf 92' lang='lat' dir='ltr'>III.</span> <span class='ocrx_word' id='word_1_95' title='bbox 1251 1008 1398 1049; x_wconf 82' lang='lat' dir='ltr'>calores</span> <span class='ocrx_word' id='word_1_96' title='bbox 1439 1022 1523 1059; x_wconf 81' lang='lat' dir='ltr'>non</span> <span class='ocrx_word' id='word_1_97' title='bbox 1570 1007 1697 1050; x_wconf 87' lang='lat' dir='ltr'>solum</span> 
     </span>
     <span class='ocr_line' id='line_1_14' title="bbox 337 1071 1691 1128; baseline -0.004 -10"><span class='ocrx_word' id='word_1_98' title='bbox 337 1084 339 1087; x_wconf 58' lang='lat'><strong>⁴</strong></span> <span class='ocrx_word' id='word_1_99' title='bbox 369 1075 536 1119; x_wconf 75' lang='lat' dir='ltr'>:restant</span> <span class='ocrx_word' id='word_1_100' title='bbox 554 1108 565 1128; x_wconf 87' lang='lat'>‚</span> <span class='ocrx_word' id='word_1_101' title='bbox 616 1073 678 1113; x_wconf 89' lang='lat' dir='ltr'>sed</span> <span class='ocrx_word' id='word_1_102' title='bbox 718 1074 836 1113; x_wconf 86' lang='lat' dir='ltr'>etiam</span> <span class='ocrx_word' id='word_1_103' title='bbox 878 1072 987 1113; x_wconf 78' lang='lat' dir='ltr'>calor</span> <span class='ocrx_word' id='word_1_104' title='bbox 1016 1074 1056 1113; x_wconf 90' lang='lat' dir='ltr'>in</span> <span class='ocrx_word' id='word_1_105' title='bbox 1075 1073 1349 1126; x_wconf 82' lang='lat' dir='ltr'>experimento</span> <span class='ocrx_word' id='word_1_106' title='bbox 1379 1072 1440 1113; x_wconf 91' lang='lat' dir='ltr'>VI</span> <span class='ocrx_word' id='word_1_107' title='bbox 1458 1074 1584 1113; x_wconf 86' lang='lat' dir='ltr'>minus</span> <span class='ocrx_word' id='word_1_108' title='bbox 1602 1071 1691 1113; x_wconf 88' lang='lat' dir='ltr'>cres</span> 
     </span>
     <span class='ocr_line' id='line_1_15' title="bbox 368 1135 1703 1209; baseline -0.003 -28"><span class='ocrx_word' id='word_1_109' title='bbox 368 1150 452 1190; x_wconf 84' lang='lat' dir='ltr'>cat,</span> <span class='ocrx_word' id='word_1_110' title='bbox 472 1151 589 1209; x_wconf 81' lang='lat' dir='ltr'>quam</span> <span class='ocrx_word' id='word_1_111' title='bbox 607 1137 881 1189; x_wconf 86' lang='lat' dir='ltr'>experimento</span> <span class='ocrx_word' id='word_1_112' title='bbox 899 1135 983 1187; x_wconf 78' lang='grc' dir='ltr'>ΠΙ,</span> <span class='ocrx_word' id='word_1_113' title='bbox 1002 1149 1092 1176; x_wconf 88' lang='lat' dir='ltr'>cum</span> <span class='ocrx_word' id='word_1_114' title='bbox 1101 1136 1176 1175; x_wconf 69' lang='lat' dir='ltr'>fiee:</span> <span class='ocrx_word' id='word_1_115' title='bbox 1195 1136 1348 1189; x_wconf 60' lang='lat' dir='ltr'>Expj.</span> <span class='ocrx_word' id='word_1_116' title='bbox 1370 1146 1410 1177; x_wconf 85' lang='lat' dir='ltr'>et</span> <span class='ocrx_word' id='word_1_117' title='bbox 1426 1136 1703 1190; x_wconf 77' lang='lat' dir='ltr'>ILaequaliter</span> 
     </span>
     <span class='ocr_line' id='line_1_16' title="bbox 367 1198 1699 1269; baseline -0.005 -25"><span class='ocrx_word' id='word_1_118' title='bbox 367 1203 495 1245; x_wconf 84' lang='lat' dir='ltr'>minui</span> <span class='ocrx_word' id='word_1_119' title='bbox 543 1201 724 1242; x_wconf 87' lang='lat' dir='ltr'>deberent</span> <span class='ocrx_word' id='word_1_120' title='bbox 772 1199 945 1251; x_wconf 80' lang='lat' dir='ltr'>calores,</span> <span class='ocrx_word' id='word_1_121' title='bbox 992 1209 1032 1239; x_wconf 92' lang='lat' dir='ltr'>et</span> <span class='ocrx_word' id='word_1_122' title='bbox 1070 1199 1098 1240; x_wconf 88' lang='lat' dir='ltr'>fi</span> <span class='ocrx_word' id='word_1_123' title='bbox 1137 1199 1320 1269; x_wconf 54' lang='lat' dir='ltr'>quaedum</span> <span class='ocrx_word' id='word_1_124' title='bbox 1362 1199 1415 1240; x_wconf 89' lang='lat' dir='ltr'>est</span> <span class='ocrx_word' id='word_1_125' title='bbox 1455 1198 1699 1251; x_wconf 74' lang='lat' dir='ltr'>differentia,</span> 
     </span>
     <span class='ocr_line' id='line_1_17' title="bbox 370 1262 1701 1320; baseline -0.002 -12.959"><span class='ocrx_word' id='word_1_126' title='bbox 370 1266 480 1308; x_wconf 79' lang='lat' dir='ltr'>calor</span> <span class='ocrx_word' id='word_1_127' title='bbox 514 1264 793 1320; x_wconf 87' lang='lat' dir='ltr'>experimento</span> <span class='ocrx_word' id='word_1_128' title='bbox 823 1263 941 1303; x_wconf 87' lang='lat' dir='ltr'>tertio</span> <span class='ocrx_word' id='word_1_129' title='bbox 973 1263 1093 1318; x_wconf 80' lang='lat' dir='ltr'>paulo</span> <span class='ocrx_word' id='word_1_130' title='bbox 1125 1262 1213 1318; x_wconf 86' lang='lat' dir='ltr'>plus</span> <span class='ocrx_word' id='word_1_131' title='bbox 1230 1263 1353 1304; x_wconf 84' lang='lat' dir='ltr'>minui</span> <span class='ocrx_word' id='word_1_132' title='bbox 1387 1263 1549 1316; x_wconf 84' lang='lat' dir='ltr'>debeat,</span> <span class='ocrx_word' id='word_1_133' title='bbox 1582 1275 1701 1317; x_wconf 81' lang='lat' dir='ltr'>quam</span> 
     </span>
     <span class='ocr_line' id='line_1_18' title="bbox 371 1326 817 1384; baseline -0.007 -12"><span class='ocrx_word' id='word_1_134' title='bbox 371 1330 480 1372; x_wconf 85' lang='lat' dir='ltr'>calor</span> <span class='ocrx_word' id='word_1_135' title='bbox 511 1340 705 1384; x_wconf 76' lang='lat' dir='ltr'>experim.</span> <span class='ocrx_word' id='word_1_136' title='bbox 742 1326 817 1369; x_wconf 89' lang='lat' dir='ltr'>VI.</span> 
     </span>
    </p>

    <p class='ocr_par' dir='ltr' id='par_1_5' title="bbox 368 1390 1702 2029">
     <span class='ocr_line' id='line_1_19' title="bbox 512 1390 1699 1447; baseline -0.001 -14"><span class='ocrx_word' id='word_1_137' title='bbox 512 1395 548 1443; x_wconf 83' lang='lat'>§.</span> <span class='ocrx_word' id='word_1_138' title='bbox 570 1404 612 1444; x_wconf 90' lang='lat'><em>7</em></span> <span class='ocrx_word' id='word_1_139' title='bbox 650 1390 753 1433; x_wconf 91' lang='lat' dir='ltr'>Cum</span> <span class='ocrx_word' id='word_1_140' title='bbox 796 1390 961 1434; x_wconf 76' lang='lat' dir='ltr'>formula</span> <span class='ocrx_word' id='word_1_141' title='bbox 1000 1393 1125 1447; x_wconf 81' lang='lat' dir='ltr'>prima</span> <span class='ocrx_word' id='word_1_142' title='bbox 1165 1391 1314 1447; x_wconf 87' lang='lat' dir='ltr'>semper</span> <span class='ocrx_word' id='word_1_143' title='bbox 1345 1393 1409 1434; x_wconf 87' lang='lat' dir='ltr'>det</span> <span class='ocrx_word' id='word_1_144' title='bbox 1442 1393 1601 1446; x_wconf 82' lang='lat' dir='ltr'>gradum</span> <span class='ocrx_word' id='word_1_145' title='bbox 1634 1404 1699 1433; x_wconf 82' lang='lat' dir='ltr'>ca-</span> 
     </span>
     <span class='ocr_line' id='line_1_20' title="bbox 368 1457 1699 1511; baseline -0.004 -10"><span class='ocrx_word' id='word_1_146' title='bbox 368 1460 463 1501; x_wconf 83' lang='lat' dir='ltr'>loris</span> <span class='ocrx_word' id='word_1_147' title='bbox 502 1459 694 1500; x_wconf 78' lang='lat' dir='ltr'>maiorem</span> <span class='ocrx_word' id='word_1_148' title='bbox 735 1469 849 1510; x_wconf 80' lang='lat' dir='ltr'>quam</span> <span class='ocrx_word' id='word_1_149' title='bbox 891 1459 1158 1511; x_wconf 84' lang='lat' dir='ltr'>experimenta</span> <span class='ocrx_word' id='word_1_150' title='bbox 1177 1489 1188 1509; x_wconf 80' lang='lat'>,</span> <span class='ocrx_word' id='word_1_151' title='bbox 1221 1470 1343 1498; x_wconf 82' lang='lat' dir='ltr'>vnum</span> <span class='ocrx_word' id='word_1_152' title='bbox 1377 1458 1479 1498; x_wconf 80' lang='lat' dir='ltr'>adest</span> <span class='ocrx_word' id='word_1_153' title='bbox 1511 1457 1699 1497; x_wconf 86' lang='lat' dir='ltr'>indicium</span> 
     </span>
     <span class='ocr_line' id='line_1_21' title="bbox 371 1519 1701 1580; baseline -0.005 -15"><span class='ocrx_word' id='word_1_154' title='bbox 371 1523 622 1580; x_wconf 78' lang='lat' dir='ltr'>praestantiae</span> <span class='ocrx_word' id='word_1_155' title='bbox 655 1523 748 1562; x_wconf 85' lang='lat' dir='ltr'>eius.</span> <span class='ocrx_word' id='word_1_156' title='bbox 815 1519 918 1562; x_wconf 88' lang='lat' dir='ltr'>Cum</span> <span class='ocrx_word' id='word_1_157' title='bbox 949 1521 1153 1561; x_wconf 63' lang='lat' dir='ltr'>recundum</span> <span class='ocrx_word' id='word_1_158' title='bbox 1186 1523 1375 1574; x_wconf 74' lang='lat' dir='ltr'>expetitu:</span> <span class='ocrx_word' id='word_1_159' title='bbox 1417 1521 1451 1562; x_wconf 91' lang='grc' dir='ltr'>Ι.</span> <span class='ocrx_word' id='word_1_160' title='bbox 1471 1531 1510 1562; x_wconf 92' lang='lat' dir='ltr'>et</span> <span class='ocrx_word' id='word_1_161' title='bbox 1525 1520 1578 1561; x_wconf 90' lang='lat' dir='ltr'>II.</span> <span class='ocrx_word' id='word_1_162' title='bbox 1614 1520 1701 1574; x_wconf 85' lang='lat' dir='ltr'>plus</span> 
     </span>
     <span class='ocr_line' id='line_1_22' title="bbox 370 1584 1701 1639; baseline -0.004 -10"><span class='ocrx_word' id='word_1_163' title='bbox 370 1587 509 1629; x_wconf 85' lang='lat' dir='ltr'>caloris</span> <span class='ocrx_word' id='word_1_164' title='bbox 541 1586 716 1639; x_wconf 83' lang='lat' dir='ltr'>aufugere</span> <span class='ocrx_word' id='word_1_165' title='bbox 749 1584 920 1625; x_wconf 89' lang='lat' dir='ltr'>debuerit</span> <span class='ocrx_word' id='word_1_166' title='bbox 951 1584 1097 1638; x_wconf 76' lang='lat' dir='ltr'>aequali</span> <span class='ocrx_word' id='word_1_167' title='bbox 1112 1594 1289 1638; x_wconf 87' lang='lat' dir='ltr'>tempore</span> <span class='ocrx_word' id='word_1_168' title='bbox 1308 1617 1319 1636; x_wconf 85' lang='lat'>,</span> <span class='ocrx_word' id='word_1_169' title='bbox 1352 1586 1393 1624; x_wconf 84' lang='lat' dir='ltr'>in</span> <span class='ocrx_word' id='word_1_170' title='bbox 1425 1586 1701 1638; x_wconf 86' lang='lat' dir='ltr'>experimento</span> 
     </span>
     <span class='ocr_line' id='line_1_23' title="bbox 368 1646 1702 1703; baseline -0.004 -10"><span class='ocrx_word' id='word_1_171' title='bbox 368 1650 432 1694; x_wconf 87' lang='lat' dir='ltr'>IV</span> <span class='ocrx_word' id='word_1_172' title='bbox 471 1660 513 1692; x_wconf 90' lang='lat' dir='ltr'>et</span> <span class='ocrx_word' id='word_1_173' title='bbox 548 1649 587 1690; x_wconf 90' lang='lat' dir='ltr'>V</span> <span class='ocrx_word' id='word_1_174' title='bbox 630 1662 746 1703; x_wconf 86' lang='lat' dir='ltr'>quam</span> <span class='ocrx_word' id='word_1_175' title='bbox 779 1658 1051 1703; x_wconf 79' lang='lat' dir='ltr'>experimento</span> <span class='ocrx_word' id='word_1_176' title='bbox 1095 1647 1168 1689; x_wconf 90' lang='lat' dir='ltr'>VI.</span> <span class='ocrx_word' id='word_1_177' title='bbox 1205 1657 1245 1688; x_wconf 94' lang='lat' dir='ltr'>et</span> <span class='ocrx_word' id='word_1_178' title='bbox 1279 1646 1354 1689; x_wconf 89' lang='lat' dir='ltr'>III.</span> <span class='ocrx_word' id='word_1_179' title='bbox 1393 1649 1434 1690; x_wconf 89' lang='lat' dir='ltr'>in</span> <span class='ocrx_word' id='word_1_180' title='bbox 1452 1649 1702 1702; x_wconf 87' lang='lat' dir='ltr'>experimen-</span> 
     </span>
     <span class='ocr_line' id='line_1_24' title="bbox 370 1711 1695 1766; baseline -0.005 -9"><span class='ocrx_word' id='word_1_181' title='bbox 370 1716 421 1757; x_wconf 86' lang='lat' dir='ltr'>tis</span> <span class='ocrx_word' id='word_1_182' title='bbox 452 1714 527 1757; x_wconf 87' lang='lat' dir='ltr'>VI.</span> <span class='ocrx_word' id='word_1_183' title='bbox 562 1722 603 1755; x_wconf 84' lang='lat' dir='ltr'>et</span> <span class='ocrx_word' id='word_1_184' title='bbox 629 1712 707 1754; x_wconf 88' lang='grc' dir='ltr'><strong>ΙΙΙ.</strong></span> <span class='ocrx_word' id='word_1_185' title='bbox 744 1725 843 1753; x_wconf 80' lang='lat' dir='ltr'>vero</span> <span class='ocrx_word' id='word_1_186' title='bbox 873 1712 1044 1766; x_wconf 77' lang='lat' dir='ltr'>aequales</span> <span class='ocrx_word' id='word_1_187' title='bbox 1077 1711 1214 1753; x_wconf 80' lang='lat' dir='ltr'>caloris</span> <span class='ocrx_word' id='word_1_188' title='bbox 1247 1713 1381 1765; x_wconf 81' lang='lat' dir='ltr'>gradus</span> <span class='ocrx_word' id='word_1_189' title='bbox 1413 1722 1452 1752; x_wconf 91' lang='lat' dir='ltr'>et</span> <span class='ocrx_word' id='word_1_190' title='bbox 1483 1711 1580 1752; x_wconf 75' lang='lat' dir='ltr'>haec</span> <span class='ocrx_word' id='word_1_191' title='bbox 1611 1724 1695 1752; x_wconf 88' lang='lat' dir='ltr'>orn-</span> 
     </span>
     <span class='ocr_line' id='line_1_25' title="bbox 369 1775 1698 1830; baseline -0.005 -8"><span class='ocrx_word' id='word_1_192' title='bbox 369 1780 435 1822; x_wconf 82' lang='lat' dir='ltr'>nia</span> <span class='ocrx_word' id='word_1_193' title='bbox 466 1777 655 1821; x_wconf 81' lang='lat' dir='ltr'>formulae</span> <span class='ocrx_word' id='word_1_194' title='bbox 685 1777 835 1830; x_wconf 74' lang='lat' dir='ltr'>primae</span> <span class='ocrx_word' id='word_1_195' title='bbox 868 1776 1120 1830; x_wconf 82' lang='lat' dir='ltr'>respondeant</span> <span class='ocrx_word' id='word_1_196' title='bbox 1137 1809 1148 1828; x_wconf 84' lang='lat'>‚</span> <span class='ocrx_word' id='word_1_197' title='bbox 1184 1775 1367 1817; x_wconf 82' lang='lat' dir='ltr'>habemus</span> <span class='ocrx_word' id='word_1_198' title='bbox 1405 1775 1611 1816; x_wconf 84' lang='lat' dir='ltr'>secundum</span> <span class='ocrx_word' id='word_1_199' title='bbox 1637 1776 1698 1815; x_wconf 87' lang='lat' dir='ltr'>in-</span> 
     </span>
     <span class='ocr_line' id='line_1_26' title="bbox 370 1839 1699 1894; baseline -0.004 -10"><span class='ocrx_word' id='word_1_200' title='bbox 370 1843 516 1884; x_wconf 88' lang='lat' dir='ltr'>dicium</span> <span class='ocrx_word' id='word_1_201' title='bbox 549 1840 868 1883; x_wconf 82' lang='lat' dir='ltr'>euidentiffimurn</span> <span class='ocrx_word' id='word_1_202' title='bbox 902 1839 1143 1894; x_wconf 62' lang='lat' dir='ltr'>perfeetionis</span> <span class='ocrx_word' id='word_1_203' title='bbox 1157 1839 1341 1881; x_wconf 80' lang='lat' dir='ltr'>formulae</span> <span class='ocrx_word' id='word_1_204' title='bbox 1359 1840 1519 1893; x_wconf 83' lang='lat' dir='ltr'>primae.</span> <span class='ocrx_word' id='word_1_205' title='bbox 1556 1839 1699 1892; x_wconf 85' lang='lat' dir='ltr'>Expe-</span> 
     </span>
     <span class='ocr_line' id='line_1_27' title="bbox 372 1904 1695 1959; baseline -0.004 -11"><span class='ocrx_word' id='word_1_206' title='bbox 372 1907 546 1949; x_wconf 77' lang='lat' dir='ltr'>rimento</span> <span class='ocrx_word' id='word_1_207' title='bbox 563 1905 622 1948; x_wconf 96' lang='lat' dir='ltr'>IV</span> <span class='ocrx_word' id='word_1_208' title='bbox 644 1914 684 1945; x_wconf 90' lang='lat' dir='ltr'>et</span> <span class='ocrx_word' id='word_1_209' title='bbox 700 1904 738 1944; x_wconf 95' lang='lat' dir='ltr'>V</span> <span class='ocrx_word' id='word_1_210' title='bbox 757 1905 861 1946; x_wconf 90' lang='lat' dir='ltr'>enim</span> <span class='ocrx_word' id='word_1_211' title='bbox 879 1905 1102 1958; x_wconf 81' lang='lat' dir='ltr'>aufugerunt</span> <span class='ocrx_word' id='word_1_212' title='bbox 1127 1905 1262 1959; x_wconf 82' lang='lat' dir='ltr'>gradus</span> <span class='ocrx_word' id='word_1_213' title='bbox 1277 1912 1440 1958; x_wconf 87' lang='lat' dir='ltr'>quatuor</span> <span class='ocrx_word' id='word_1_214' title='bbox 1455 1904 1609 1944; x_wconf 89' lang='lat' dir='ltr'>circiter</span> <span class='ocrx_word' id='word_1_215' title='bbox 1623 1915 1695 1943; x_wconf 84' lang='lat' dir='ltr'>ex-</span> 
     </span>
     <span class='ocr_line' id='line_1_28' title="bbox 373 1966 1699 2029; baseline -0.004 -16"><span class='ocrx_word' id='word_1_216' title='bbox 373 1971 595 2029; x_wconf 80' lang='lat' dir='ltr'>perimento</span> <span class='ocrx_word' id='word_1_217' title='bbox 627 1968 701 2013; x_wconf 82' lang='lat' dir='ltr'>VI.</span> <span class='ocrx_word' id='word_1_218' title='bbox 736 1978 779 2012; x_wconf 83' lang='lat' dir='ltr'>et</span> <span class='ocrx_word' id='word_1_219' title='bbox 805 1968 882 2013; x_wconf 83' lang='grc' dir='ltr'>ΙΙΙ.</span> <span class='ocrx_word' id='word_1_220' title='bbox 918 1969 1009 2013; x_wconf 80' lang='lat' dir='ltr'>duo.</span> <span class='ocrx_word' id='word_1_221' title='bbox 1075 1966 1327 2013; x_wconf 69' lang='lat' dir='ltr'>ContrarIum</span> <span class='ocrx_word' id='word_1_222' title='bbox 1359 1967 1512 2011; x_wconf 76' lang='lat' dir='ltr'>obtinet</span> <span class='ocrx_word' id='word_1_223' title='bbox 1549 1976 1595 2008; x_wconf 86' lang='lat' dir='ltr'>vt</span> <span class='ocrx_word' id='word_1_224' title='bbox 1619 1968 1699 2008; x_wconf 86' lang='lat' dir='ltr'>iam</span> 
     </span>
    </p>

    <p class='ocr_par' dir='ltr' id='par_1_6' title="bbox 1478 2032 1725 2086">
     <span class='ocr_line' id='line_1_29' title="bbox 1478 2032 1725 2086; baseline -0.012 -10"><span class='ocrx_word' id='word_1_225' title='bbox 1478 2032 1725 2086; x_wconf 76' lang='lat' dir='ltr'>monitum,-</span> 
     </span>
    </p>
   </div>
  </div>
 </body>
</html>
