1820 2506
141 208 228 255 DE
242 203 507 253 ACTIONE
524 202 968 252 MENSTRVORVM
987 203 1456 260 CHYMICORVM257

287 326 324 376 §.
362 338 432 377 29.
476 324 633 367 Deinde
673 325 802 380 accepi
844 336 962 383 aquae
997 323 1102 367 fortis
1152 325 1322 368 eiusdem
1363 326 1453 367 duas

141 391 342 446 portiones
376 391 546 445 aequales
579 398 619 430 et
651 390 691 430 in
722 391 800 431 duo
829 390 928 431 vitra
961 390 1126 445 aequalia
1159 400 1200 432 et
1232 391 1369 433 similia
1387 391 1450 430 in-

141 455 218 496 fudi
237 487 248 507 ,
282 456 435 509 vti-ique
469 453 611 495 immisi
653 455 792 495 eodem
825 464 1031 496 momento
1063 454 1229 508 fingulos
1269 467 1450 496 nummu·

141 518 201 559 los
233 531 394 571 cupreos
427 518 650 559 nostratibus
683 517 907 559 Poluschkas
936 518 1059 559 dictos
1077 552 1088 571 ,
1129 532 1296 572 quorum
1338 518 1450 573 quili-

141 582 204 622 bet
237 582 423 635 pendebat
454 595 568 634 grana
606 592 660 631 50
682 615 693 634 ,
724 582 844 622 altero
877 583 1029 623 vasculo
1062 582 1197 623 relicto
1229 585 1269 624 in
1303 595 1390 624 aere
1407 582 1452 622 li-

142 646 234 686 bero
254 679 265 698 ,
297 645 458 685 alterum
490 645 553 684 sub
595 657 782 698 campana
821 644 979 686 Antliae
1019 647 1208 687 constitui.
1277 647 1450 701 Vterque

141 708 361 749 nummulus
393 709 522 762 primo
557 721 644 749 cum
679 709 763 762 pari
797 709 1073 750 efferuesceutia
1111 711 1292 752 menstrui
1330 711 1453 752 solue-

142 773 260 813 batur.
336 772 483 812 Verum
524 772 691 825 repetitis
732 772 879 826 aliquot
921 774 1185 826 agitationibus
1227 774 1374 817 emboli
1413 781 1452 814 et

140 849 223 877 aere
255 845 307 876 ex
339 849 522 890 campana
555 835 735 876 subducto
765 837 1001 878 menstruum
1032 837 1157 878 multo
1183 838 1453 880 vehementius

138 899 364 952 ebulliebat,
399 899 602 940 maioribus
634 909 674 939 et
704 899 1019 953 frequentioribus
1050 901 1158 941 bullis
1196 902 1423 955 surgentibus
1441 932 1454 952 ,

139 976 262 1018 quam
287 965 555 1017 experimento
587 964 850 1017 praecedente.
925 963 1182 1017 Praeterlapfis
1226 978 1276 1004 11
1323 966 1452 1006 minu-

137 1028 183 1068 tis
216 1028 350 1081 primis
382 1036 589 1081 Vtrumque
620 1026 867 1068 nummulum
907 1040 961 1068 ex
1002 1028 1196 1070 menstruo
1236 1029 1346 1072 simul
1387 1029 1453 1070 de-

137 1099 339 1144 promtum
372 1102 412 1132 et
443 1105 464 1132 a
496 1090 660 1131 sordibus
691 1101 804 1145 atque
838 1091 1067 1132 adhaerente
1111 1093 1276 1135 humore
1318 1094 1452 1135 libera-

139 1164 218 1196 tum
254 1156 474 1208 ponderaui.
542 1155 621 1209 Qui
654 1153 717 1194 sub
751 1167 935 1207 campana
968 1154 1147 1195 solutioni
1179 1167 1258 1197 erat
1298 1156 1453 1211 expost-

140 1228 199 1258 tus
216 1251 227 1270 ,
262 1218 385 1258 amisit
414 1229 528 1271 grana
566 1229 618 1256 10
640 1250 651 1269 ,
685 1218 750 1271 qui
783 1230 878 1258 vero
911 1219 952 1257 in
986 1218 1107 1258 libero
1126 1233 1208 1261 aere
1227 1221 1474 1273 soluebatur„

138 1282 303 1336 perdidit
334 1295 447 1335 grana
484 1284 554 1320 26.
620 1281 668 1322 In
703 1281 779 1322 hoc
813 1282 925 1335 igitur
965 1284 1238 1336 experimento
1280 1282 1452 1326 excessus

139 1347 247 1399 cupri
281 1345 390 1386 soluti
425 1346 464 1385 in
496 1358 589 1399 aqua
621 1344 709 1385 forti
744 1346 894 1399 integro
927 1359 1011 1386 aere
1043 1346 1283 1389 disseminato
1303 1349 1467 1403 praedi--

137 1419 174 1450 ta
198 1410 322 1451 multo
348 1411 471 1449 maior
496 1409 546 1449 est
566 1410 714 1449 ratione
739 1411 997 1462 praecedentis
1019 1427 1025 1450 :
1062 1413 1245 1454 nimirum
1264 1414 1303 1453 in
1324 1414 1453 1468 priore

133 1483 213 1513 erat
251 1483 296 1514 vt
334 1485 383 1513 11
424 1474 493 1514 ead
529 1485 609 1524 74,
651 1474 690 1512 in
730 1473 938 1527 posteriore
971 1484 1016 1514 vt
1054 1479 1110 1514 16
1133 1477 1179 1517 ad
1208 1490 1277 1516 10.
1346 1477 1455 1518 Facti

134 1538 233 1579 ratio
284 1538 438 1591 sequens
490 1537 554 1577 est.
621 1536 733 1589 Aqua
772 1536 877 1577 fortis
915 1539 1116 1579 metallum
1158 1539 1223 1581 sub
1263 1553 1454 1595 comparia

135 1601 275 1643 antliae
313 1601 458 1642 soluens
488 1600 656 1653 incaluit,
692 1600 880 1642 maiorem
906 1604 1156 1656 quantitatem
1190 1604 1283 1645 aeris
1314 1606 1457 1647 dimisit

135 1679 250 1720 quam
300 1666 572 1719 experimento
622 1665 882 1718 >praecedente
907 1699 918 1718 ,
974 1668 1078 1707 vnde
1129 1669 1276 1709 maiore
1335 1670 1452 1712 etiam

136 1731 248 1783 copia
280 1731 372 1769 aeris
422 1727 650 1769 disseminati
699 1729 934 1770 menstruum
977 1730 1045 1771 filit
1076 1733 1290 1785 priuatum,
1340 1743 1454 1789 atque

139 1793 234 1833 adeo
275 1793 415 1832 minori
458 1793 499 1831 vi
533 1794 572 1832 in
602 1793 803 1833 metallum
843 1806 953 1847 agere
986 1794 1125 1835 debuit.

276 1856 308 1904 §.
334 1866 403 1902 30.
441 1855 530 1896 Nec
561 1865 691 1896 tamen
733 1857 807 1897 alia
839 1870 992 1912 quoque
1025 1858 1292 1913 phaenomena
1324 1862 1455 1904 soluti·

138 1930 231 1958 ones
261 1919 505 1960 metallorum
555 1920 776 1960 comitantia
820 1922 1037 1975 propositae
1069 1923 1251 1965 hactenus
1283 1925 1455 1969 theoriae

140 1995 219 2021 non
252 1984 476 2035 respondent
495 2017 506 2036 ,
553 1984 593 2023 in
626 1983 758 2037 quibus
789 1986 931 2038 primas
963 1986 1111 2027 obtinet
1141 2001 1229 2029 cum
1263 1991 1450 2032 ebullitio-

141 2058 189 2084 ne
228 2046 407 2086 menstrui
446 2048 669 2088 coniunctus
707 2047 825 2088 calor.
893 2050 1047 2091 Renato
1087 2053 1125 2091 in
1159 2054 1262 2106 poris
1302 2056 1453 2096 metalli

141 2112 233 2150 aeris
265 2110 403 2149 elatere
436 2111 639 2164 particulae
672 2111 784 2166 ipsius
816 2112 1078 2169 abripiuntur,
1114 2129 1183 2170 per
1215 2119 1449 2160 menstruum

205 2175 323 2213 Tom⁴
360 2172 392 2213 Ι.
768 2175 802 2216 Κ
823 2175 849 2216 k
1388 2184 1448 2222 vi-
