1820 2506
682 166 715 226 )(
749 177 809 220 47
846 166 878 225 )(

253 276 587 339 PHYSICO
605 313 627 322 --
648 276 1315 340 MATHEMATICA.

196 408 588 450 OBSERVATIONES
627 410 1084 453 METEOROLOGICAE
1121 411 1367 451 TVBINGAF:

602 474 606 477 “
636 475 725 508 1745
755 474 788 498 et
820 471 922 505 1746.

564 559 610 599 G.
651 561 703 596 W.
743 526 850 608 Karfffl
883 566 994 608 fabiae.

117 619 368 736 Exhibuit
399 631 472 673 Vir
504 629 739 674 Clariffimus
771 634 910 675 duabus
952 630 1272 676 differtationibus
1309 634 1437 677 obser-

245 697 418 736 vationes
451 696 527 738 suas
561 697 760 750 Tubingae
791 698 976 739 institutas
1011 707 1049 738 et
1082 698 1239 752 quidem
1274 701 1314 740 in
1358 700 1436 753 pri-

117 774 187 802 mo
220 757 492 801 differtationis
526 762 676 815 primae
711 762 951 817 paragrapho
993 762 1242 803 instrumenta
1260 796 1271 817 ‚
1303 764 1437 818 quibus

114 824 198 866 vsus
228 825 281 865 est
299 858 310 877 ,
345 834 384 865 et
415 826 576 880 reliquas
609 826 915 867 obseruationum
947 826 1241 868 circumstantias
1272 828 1436 882 adducit,

116 901 212 944 quae
242 890 284 930 in
314 887 571 930 dissertatione
604 890 682 943 ipsa
719 890 932 944 relegenda.

232 953 267 1002 §.
314 966 354 993 2.
399 964 439 995 et
484 965 524 1002 3.
578 954 861 996 obseruationis
911 953 1117 995 altitudinis
1157 954 1436 997 barometricae

97 1017 312 1078 ‘maximae
356 1027 396 1058 et
437 1019 621 1060 minimae
661 1017 916 1059 differentiam
964 1033 1001 1058 1.
1046 1017 1145 1072 poll.
1192 1018 1320 1060 Lond.
1363 1024 1434 1070 56.

114 1078 232 1122 Cent.
267 1083 512 1138 mediamque
544 1083 790 1124 altitudinem
824 1083 1033 1124 barometri
1071 1080 1158 1124 281³.
1202 1085 1289 1133 58⁰.
1332 1086 1436 1127 nulla

114 1145 244 1187 habita
276 1147 516 1188 instrumenti
550 1147 657 1202 supra
690 1147 806 1190 Nic-m·
838 1147 946 1188 fluuii
979 1149 1106 1201 ripam
1140 1147 1277 1188 elenati
1318 1150 1436 1190 ratio-

114 1223 195 1263 ne,
229 1223 324 1264 quae
358 1215 428 1250 60.
467 1212 582 1266 pedes
623 1212 805 1265 adaequat
833 1245 843 1263 ,
879 1212 1001 1252 affert.
1068 1212 1173 1252 Hinc
1208 1206 1244 1255 ξ.
1282 1228 1324 1263 4.
1363 1227 1435 1253 noa

114 1283 170 1314 tat
210 1273 265 1330 1.)
307 1275 517 1315 barometri
559 1276 811 1315 variationem
854 1289 1021 1315 annnam
1071 1276 1274 1328 Tubingae
1318 1277 1434 1330 longe

113 1339 306 1379 minorem
349 1337 425 1378 effe
465 1351 580 1392 quam
622 1339 675 1378 est
717 1338 917 1391 Petropoli
944 1372 954 1389 ,
1006 1349 1044 1378 er
1098 1337 1155 1393 ς’..)
1206 1340 1436 1389 variationes

112 1402 324 1443 menstruas
353 1401 562 1443 barometri
595 1403 635 1442 in
669 1403 808 1456 primis
846 1412 887 1441 et
925 1403 1075 1442 vitimis
1118 1404 1209 1443 anni
1250 1404 1436 1446 mensibus

112 1466 337 1521 plerumque
369 1464 448 1507 effe
480 1466 644 1507 maiores
662 1499 673 1519 ‚
708 1464 821 1520 quam
854 1467 894 1505 in
913 1467 1045 1507 mediis
1063 1499 1076 1520 ,
1109 1467 1242 1521 prouti
1259 1468 1299 1507 id
1328 1468 1435 1509 idem

112 1531 229 1572 etiam
266 1530 465 1585 Petropoii
501 1529 772 1571 obseruauerat.

126 1585 128 1587 ’
231 1596 266 1644 §.
313 1606 352 1644 5.
397 1605 436 1636 et
476 1597 518 1634 6.
563 1594 856 1637 obseruationes
897 1594 1059 1636 exhibet
1098 1594 1434 1639 thermometricas

114 1671 246 1712 easque
281 1673 369 1700 cnm
405 1660 706 1713 Petropolitanis
739 1669 942 1711 comparat
961 1692 972 1712 ‚
1008 1660 1179 1700 notando
1212 1661 1256 1700 iis
1288 1661 1432 1715 diebus,

114 1724 243 1776 quibus
276 1724 478 1778 Petropoii
511 1722 667 1765 ceffauit
700 1724 813 1777 frigus
846 1722 905 1763 his
939 1724 1069 1764 iisdem
1101 1723 1197 1764 iliud
1230 1725 1432 1779 Tubingae

113 1797 241 1828 ortum
284 1786 387 1840 effe,
431 1789 484 1828 ita
524 1798 568 1828 vt
611 1787 688 1828 fere
721 1788 878 1828 materia
913 1789 1096 1842 quaedam
1129 1798 1238 1829 mota
1272 1803 1325 1829 ex
1360 1804 1431 1831 no-

113 1850 184 1891 stra
215 1854 372 1905 regione
406 1853 445 1894 in
480 1853 587 1893 iilam
624 1850 849 1907 produxisse
890 1853 928 1892 id
969 1853 1157 1894 videatur.

232 1916 459 1957 Maximum
500 1916 667 1957 calorem
710 1916 750 1956 h.
801 1930 840 1955 2.
886 1926 924 1956 ct
968 1928 1008 1964 3.
1053 1931 1092 1970 p.
1136 1931 1190 1957 m.
1227 1917 1266 1956 in
1302 1918 1432 1960 diebus

114 1979 259 2020 aestiuis
292 1990 330 2021 et
362 1981 521 2034 calidis,
553 1980 638 2021 solis
671 1981 781 2021 radiis
812 1979 932 2020 libere
966 1982 1012 2021 ad
1033 1981 1357 2022 thermometrnm
1378 1984 1428 2023 :11-

111 2043 318 2085 labentibus
352 2045 637 2086 thermometro
671 2044 998 2086 Fahrenheitiano
1031 2046 1191 2098 gradum
1226 2057 1324 2093 103.
1347 2047 1430 2088 Tu·

112 2108 245 2161 bingae
279 2109 414 2149 iisdem
449 2110 512 2150 sub
529 2109 823 2151 circumstantiis
839 2122 922 2150 vno
955 2110 1068 2162 gradu
1113 2112 1308 2150 minorem
1349 2111 1424 2150 scil.

116 2184 214 2213 102.
248 2173 477 2214 obseruauin
1281 2173 1429 2215 Contra
