1820 2506
277 181 361 226 DE
394 176 634 226 CALORIS
666 175 745 224 ET
771 174 1031 225 FRIGORIS
1065 178 1254 225 CAVSA
1338 193 1430 226 211.

105 300 166 344 fila
205 309 320 357 rupto
362 302 599 345 cohaefionis
639 302 797 344 vinculo
839 315 861 343 a
897 301 934 343 se
974 303 1142 342 inuicem
1178 300 1360 342 recedant
1391 307 1431 342 et

105 375 216 408 motu
246 367 427 408 intestino
460 367 694 422 progreffiuo
727 369 901 408 ferantur.
969 366 1085 407 Vnde
1118 366 1165 407 fit
1183 399 1195 419 ‚
1229 365 1334 420 quod
1359 365 1433 406 eti-

105 443 172 473 am
219 430 450 474 subtiliffima
489 433 591 486 figna
632 431 705 473 illis
745 431 859 473 incisa
902 444 971 487 per
1005 430 1128 474 secula
1159 431 1297 471 durent
1314 462 1326 481 ,
1358 440 1434 471 nec

106 495 175 536 nisi
206 497 392 538 continuo
424 496 491 538 vsu
523 506 587 538 aut
619 496 712 538 aeris
743 497 878 538 iniuria
895 529 908 550 ‚
959 506 1023 538 aut
1063 495 1227 549 denique
1266 499 1434 549 corpore

104 559 190 614 ipso
221 561 262 600 in
295 560 432 601 statum
464 561 660 602 fluiditatis
699 561 860 602 redue'to
900 561 1166 602 obliterentur.
1243 558 1434 612 Magnum

104 623 165 665 his
194 634 444 666 momentum
485 625 594 665 affert
624 637 756 665 aurum
775 658 786 677 ,
819 626 924 680 quod
958 624 1169 680 superficiei
1209 623 1435 665 vtensilium

105 701 158 729 ex
175 697 332 741 argento
348 688 636 729 fabrefiiecomm
655 688 857 729 inductum
873 701 944 743 per
959 689 1121 743 longum
1136 698 1287 743 tempus
1309 689 1435 730 eidem

106 752 286 809 adhaeret
303 785 314 805 ,
349 765 420 792 nec
453 753 522 794 nifi
553 752 741 807 frequenti
773 753 840 794 viu
858 754 1094 795 diminuitur.
1163 751 1313 794 Contra
1337 763 1437 793 vero

106 824 313 858 momento
348 818 535 871 temporis
567 816 808 871 superficiem
839 818 1021 871 relinquit
1052 827 1091 858 et
1125 830 1194 871 per
1218 827 1343 857 totam
1377 828 1438 857 ar-

105 881 211 935 genti
244 877 405 923 maffam
440 881 657 923 distrahitur
675 915 687 934 ,
718 894 834 935 quam
866 882 1039 935 primum
1071 894 1132 921 res
1163 894 1217 921 ex
1251 894 1300 920 eo
1338 880 1438 921 faeta

105 952 145 985 et
176 945 226 985 de
257 954 379 986 aurata
396 946 487 999 igne
500 945 679 986 funditur.
725 945 835 986 Haec
870 945 1006 985 omnia
1037 943 1242 985 manifesto
1267 944 1437 984 indicant

107 1007 550 1063 particulasaecorporum
582 1008 792 1049 solidorum
825 1008 1047 1062 praesertim
1081 1008 1282 1049 duriorum
1314 1017 1353 1048 et
1375 1009 1437 1048 in-

107 1074 379 1127 organicorum
411 1083 522 1115 motu
553 1073 790 1127 progreffiuo
824 1072 926 1113 haud
958 1073 1127 1114 moueri.

259 1138 294 1187 §.
330 1153 373 1189 9.
410 1138 483 1180 His
513 1139 566 1178 ita
599 1137 833 1190 comparatis
851 1169 862 1189 ,
896 1137 1176 1177 confideremus
1207 1137 1340 1189 primo
1369 1147 1439 1176 vas

113 1200 270 1255 aliquod
311 1210 557 1254 argenteum,
596 1200 656 1240 seu
696 1200 814 1240 aliam
847 1213 931 1240 rem
969 1212 1022 1239 ex
1056 1199 1244 1241 eiusmodi
1277 1198 1440 1240 metallo

109 1264 375 1319 fabrefactam,
409 1277 503 1305 auro
534 1264 745 1306 obductam
776 1273 816 1303 et
830 1262 1067 1305 subtilissimis
1086 1263 1194 1317 lignis
1212 1264 1334 1305 incisis
1350 1275 1438 1304 cae-

110 1329 230 1370 latam
250 1362 261 1381 ,
293 1330 343 1370 ad
376 1342 465 1370 eum
499 1329 655 1382 gradum
673 1328 961 1381 c211efi16t21m‚1n
978 1341 1055 1382 quo
1089 1341 1183 1381 aqua
1201 1327 1358 1368 ebullire
1376 1326 1438 1368 so-

112 1393 178 1434 let.
215 1393 443 1434 Videbimus
474 1406 604 1434 :ulrum
631 1393 671 1432 iu
690 1392 889 1448 superficie
912 1390 1179 1433 inconcuffum
1201 1425 1211 1444 ‚
1244 1392 1346 1446 signa
1364 1404 1438 1432 nec

113 1458 325 1498 minimum
356 1459 555 1499 immutata
572 1491 584 1509 ,
618 1457 737 1511 ipsum
767 1458 954 1499 duricicm
973 1469 1149 1510 corporis
1167 1456 1329 1498 eandem
1347 1468 1437 1509 per-

112 1521 236 1563 sistere
254 1553 267 1573 ‚
298 1535 420 1576 eaque
455 1521 732 1575 separationem
750 1521 1015 1562 insensibilium
1034 1520 1307 1573 particularum
1326 1532 1438 1574 pror-

112 1589 166 1628 sus
199 1585 366 1626 excludi.
430 1586 520 1627 Hoc
553 1594 680 1625 autem
717 1584 919 1626 clariffime
952 1585 1159 1626 ostenditur
1193 1597 1332 1639 corpus
1350 1584 1439 1637 pos-

112 1652 149 1692 se
180 1647 257 1690 effe
290 1662 529 1704 magnopere
560 1649 723 1690 calidum
742 1683 753 1701 ,
787 1649 864 1690 fine
896 1659 1012 1690 motu
1044 1649 1223 1689 intestino
1266 1648 1439 1702 progres-

115 1715 208 1756 sino.
272 1713 452 1755 Secundo
492 1712 730 1754 conferemus
763 1714 997 1754 durissimum
1039 1713 1205 1767 aliquem
1245 1713 1439 1766 lapidem,

117 1791 170 1819 ex
202 1791 258 1830 gr.
293 1778 538 1818 adamantem
558 1811 569 1830 ,
601 1779 666 1832 qui
700 1779 746 1819 ad
779 1779 937 1832 gradum
980 1778 1168 1832 liquefac'ii
1199 1777 1350 1831 plumbi
1378 1791 1439 1818 ca-

119 1840 273 1882 leffiecus
306 1841 387 1893 est,
421 1838 541 1896 (quod
574 1841 714 1896 saepius
747 1843 825 1884 fine
858 1844 1002 1883 damno
1034 1852 1072 1882 et
1104 1843 1185 1883 vlla
1225 1843 1440 1882 mutatione

118 1917 296 1960 gemmae
313 1938 324 1957 ‚
354 1906 519 1954 ‚artifices
552 1918 641 1946 eum
676 1907 833 1960 polituri
866 1907 986 1949 facere
1018 1905 1169 1962 solent)
1213 1920 1301 1946 cum
1344 1919 1439 1960 aqua

123 1980 319 2024 vtcuuque
369 1969 500 2023 frigida
549 1969 664 2010 salem
714 1970 901 2023 soluente,
945 1984 1068 2025 coque
1116 1971 1198 2025 ipso
1250 1970 1442 2023 frigidiore

120 2033 217 2074 fieta
235 2066 246 2084 ‚
290 2033 352 2073 vel
391 2047 478 2075 cum
514 2033 712 2075 Mercurio
746 2046 945 2088 argeutum
970 2036 1230 2088 corrodente3
1266 2047 1440 2087 priorem

120 2098 358 2140 inueniemus
403 2098 479 2140 siue
512 2110 621 2140 motu
654 2099 834 2139 intestino
878 2100 1112 2154 progreffiuo
1153 2098 1441 2150 calidissimum„

124 2164 128 2168 '
686 2162 729 2204 D
748 2164 772 2204 d
793 2177 817 2203 ε,
1314 2163 1442 2213 posteo
