1820 2506
904 135 936 194 )(
972 140 1033 190 64
1065 136 1097 193 )(

460 254 595 297 Tertia
625 252 834 296 obseruatio
868 252 1042 293 continet
1077 247 1217 290 cerebri
1244 247 1587 290 inflammationem
1608 250 1650 292 in

341 320 657 374 suppurationem
691 326 729 357 et
762 328 991 370 gangrenam
1025 315 1059 354 se
1099 313 1364 353 terminantem
1385 345 1396 364 ,
1435 313 1502 353 vbi
1540 323 1651 366 rupta

343 385 381 426 in
416 377 592 424 anteriori
624 381 770 423 cerebri
803 380 893 422 loco
926 378 1083 420 vomica
1116 384 1287 416 mortem
1329 375 1558 416 subitaneam
1577 375 1652 417 lio-

344 447 442 489 mini
476 447 582 486 ebrio
614 444 895 493 conciliauerit,
929 454 1001 494 qua
1042 439 1241 480 occasione
1274 439 1417 491 profert
1455 440 1542 480 alias
1581 441 1653 480 ob-

343 511 569 553 struationes
587 543 597 562 ‚
632 518 670 549 et
702 508 826 548 varios
860 505 997 557 allegat
1031 503 1202 543 auctores
1221 535 1231 554 ,
1267 502 1329 555 qui
1363 501 1410 541 de
1443 502 1653 544 absceffibus

345 576 444 617 intra
478 575 647 614 cranium
668 604 679 623 >
714 571 812 610 inter
845 569 978 610 duram
1012 577 1174 608 matrem
1209 575 1248 606 et
1277 566 1444 605 cranium
1471 566 1568 605 intra
1585 567 1652 606 du-

345 651 427 679 ram
462 646 501 679 et
537 638 643 690 piam
678 641 840 674 matrem
875 642 913 671 et
944 633 982 673 in
1016 630 1159 670 cerebri
1192 628 1404 669 ventriculo
1438 630 1477 668 in
1504 628 1653 682 ipsaque

344 701 490 744 cerebri
542 697 737 740 substantia
787 695 926 750 aliquid
979 694 1186 737 memoriae
1225 693 1505 747 prodiderunt,
1557 687 1655 734 inter

345 778 440 820 quos
476 772 513 803 et
547 764 830 816 Hippocratem
873 759 1034 801 adducit.

460 845 508 886 In
560 851 691 897 quarta
741 841 1005 881 obseruatione
1063 839 1267 880 occasione
1319 837 1519 892 pericardii
1559 852 1649 880 cum
1711 875 1714 878 ,

340 909 457 949 corde
488 908 659 947 concreti
693 905 850 958 prolixe
884 903 1137 945 necessitatem
1156 912 1195 942 et
1220 901 1468 956 praesentiam
1491 904 1652 956 pericar-

344 972 397 1011 dii
431 969 662 1011 validiffimis
695 968 847 1008 adstruit
878 968 1114 1020 argumentis
1147 976 1185 1006 et
1218 966 1319 1006 suam
1354 966 1562 1019 autopsiam
1581 967 1652 1006 do-

344 1034 500 1076 ctiffimi
532 1033 722 1075 aduerfilrii
757 1032 945 1085 autopsiae
978 1031 1018 1070 in
1049 1029 1248 1083 elephante
1279 1027 1439 1069 diffeeto
1472 1031 1651 1083 opponit.

460 1107 604 1162 Quinta
639 1104 793 1144 tandem
828 1103 1036 1143 obseruatio
1055 1135 1065 1154 ‚
1101 1114 1196 1155 quae
1226 1102 1266 1141 in
1300 1101 1481 1141 cadauere
1516 1102 1589 1141 viri
1614 1102 1654 1141 in

338 1170 567 1211 nosocomio
587 1168 785 1209 maritimo
803 1166 1092 1219 Petropolitano
1111 1166 1213 1205 lenta
1238 1165 1330 1204 febri
1357 1165 1495 1204 eneeco
1522 1174 1651 1205 notata

341 1235 490 1274 fuerunt
508 1232 696 1285 exponit,
731 1230 867 1270 scilicet
885 1230 1018 1268 omnia
1036 1229 1179 1268 viscera
1197 1228 1413 1275 abdominis
1432 1237 1471 1266 et
1488 1227 1655 1268 thoracis

341 1297 442 1337 vidit
472 1297 569 1335 inter
602 1295 636 1334 se
669 1302 844 1333 concreta
864 1325 874 1344 ,
909 1291 974 1331 suo
1008 1301 1138 1331 tamen
1157 1290 1246 1331 loco
1265 1290 1439 1343 disposita
1457 1323 1467 1340 ,
1500 1299 1545 1330 vt
1570 1291 1653 1331 nul-

340 1360 423 1400 lum
475 1359 586 1412 plane
630 1357 794 1396 liberum
836 1357 935 1394 foret
952 1387 963 1405 ,
1005 1364 1043 1393 et
1091 1366 1225 1393 omnes
1275 1353 1342 1392 has
1390 1354 1655 1393 concretiones

341 1422 434 1478 (ivri
476 1432 566 1461 tunc
612 1419 799 1473 temporis
839 1418 1073 1458 auditoribus
1120 1416 1155 1456 se
1206 1415 1419 1456 exhibuiffe
1469 1415 1651 1471 testatur)

342 1484 450 1528 fuisse
483 1497 552 1538 per
585 1483 820 1524 membranas
859 1481 1031 1521 extensas
1051 1513 1062 1532 ,
1098 1492 1193 1534 quae
1227 1480 1479 1533 duplicatur-ae
1497 1492 1657 1520 concre-

342 1559 405 1590 tae
437 1547 608 1589 tenacula
642 1546 856 1587 effecerunt.
922 1544 1009 1600 Qua
1039 1543 1235 1584 occasione
1253 1575 1264 1595 ,
1298 1557 1411 1596 quam
1439 1544 1486 1584 de
1518 1543 1652 1583 harum

344 1622 433 1653 ortu
466 1613 570 1652 fouet
590 1643 601 1664 ,
635 1610 861 1650 sententiam
898 1620 1007 1648 more
1037 1607 1148 1649 solito
1166 1638 1177 1660 ,
1212 1606 1251 1647 id
1284 1607 1337 1648 est
1355 1606 1565 1649 doctiffime
1581 1619 1654 1647 ex-

345 1685 471 1731 ponit.

342 1807 411 1845 ST.
460 1804 1338 1897 KRASCHENINNIKgggwssglISzCVIffiPTlONES
1390 1804 1651 1842 RARIORVM

341 1947 590 2065 Quarum
622 1958 663 1998 in
697 1958 767 2000 hac
801 1959 1059 2005 dissertatione
1099 1972 1284 2002 nouarum
1326 1960 1538 2012 plantarum
1572 1959 1656 2012 spe-

426 2066 430 2069 ,
490 2023 564 2063 cies
597 2021 766 2064 describit
796 2025 893 2067 clare
934 2025 1066 2067 doetus
1108 2023 1165 2066 D.
1209 2024 1419 2080 Adjunetus
1443 2056 1454 2077 ‚
1487 2036 1580 2078 quae
1612 2022 1653 2062 in

1537 2089 1653 2131 horto
