1820 2506
165 725 235 756 Tab.
265 724 359 758 xva,

386 189 475 235 482
860 183 975 235 »Ξὲ
994 180 1008 238 )
1027 195 1052 222 0
1074 180 1087 238 (
1106 183 1221 234 2323<-

407 293 921 355 OBSERVATIO
973 296 1294 355 ECLIPSIS
1353 297 1672 358 SOLARIS

501 383 563 422 die
602 395 624 421 2
633 392 655 432 5
693 382 777 424 Iulii
810 396 857 424 an
898 391 1011 434 1748
1046 385 1090 426 st.
1130 385 1239 427 Nou.
1274 384 1422 441 Lipsiae
1456 385 1583 428 habita

1024 508 1042 527 a

922 541 972 584 G.
1011 543 1110 585 Hein
1125 556 1159 585 zo

1023 654 1061 681 1.

488 715 554 770 ies,
574 717 638 772 qui
656 718 929 771 praecedebant
952 719 1107 774 eclipsin
1126 754 1137 773 ‚
1164 720 1335 762 maxima
1367 733 1417 762 ex
1440 727 1546 774 parte
1571 715 1700 769 sereni,

516 781 562 821 de
594 779 759 822 successu
793 780 1063 824 obseruationis
1102 783 1200 825 felici
1240 786 1344 838 spem
1378 783 1598 824 iniiciebant
1617 815 1628 835 ,
1660 789 1700 822 et

378 845 632 887 commodam
676 844 886 887 offerebant
923 847 1162 888 occasionem
1202 860 1255 887 ex
1287 846 1604 888 obseruationibus
1644 845 1694 885 al-

380 906 584 948 titudinum
618 906 719 947 Solis
752 910 1056 961 respondentium
1090 910 1264 964 copiofis,
1298 911 1500 964 quadrante
1539 909 1692 948 consue-

378 975 421 1007 to
467 968 572 1010 fastis
592 1003 602 1022 ,
646 970 781 1011 statum
823 972 986 1012 duorum
1039 973 1333 1026 horologiorum
1373 973 1692 1013 osciflatoriorum

374 1030 547 1084 respectu
588 1035 776 1086 temporis
816 1036 897 1073 veri
931 1037 1204 1086 examinandi,
1236 1046 1275 1076 et
1307 1037 1411 1076 fae'tis
1444 1036 1575 1076 debitis
1606 1047 1693 1074 cor-

374 1095 606 1135 ree‘tionibus
649 1095 934 1147 cognoscendi,
976 1097 1028 1135 ita
1062 1105 1104 1135 vt
1138 1097 1185 1136 de
1219 1107 1396 1149 tempore
1439 1110 1536 1137 vero
1569 1097 1694 1137 obser-

377 1157 577 1198 vationum
599 1190 609 1207 „
653 1170 742 1210 quas
775 1156 963 1211 proferam
983 1191 994 1211 ,
1033 1160 1207 1200 maxime
1240 1169 1362 1200 certus
1395 1160 1474 1200 sim.
1508 1159 1579 1198 Ast
1611 1158 1691 1212 ipstz

379 1220 484 1273 dies,
517 1234 595 1275 quo
628 1220 771 1275 eclipsis
804 1222 964 1276 contigit
983 1256 993 1274 ‚
1027 1223 1073 1263 ab
1104 1223 1216 1263 initio
1258 1224 1361 1277 spem
1395 1222 1556 1263 {instrati
1587 1222 1697 1262 vide-

378 1283 495 1325 batur.
564 1284 672 1326 Ante
721 1285 873 1325 initium
924 1299 1062 1340 nempe
1110 1286 1252 1340 eclipfis
1293 1286 1467 1341 copioiiie
1507 1285 1624 1326 nubes
1656 1286 1694 1326 se

378 1347 643 1399 ostendebant,
678 1350 908 1403 interruptae
942 1359 1069 1390 tamen
1102 1359 1140 1390 et
1176 1363 1369 1404 nonquam
1401 1351 1561 1404 spatium
1594 1348 1696 1390 coeli

378 1412 551 1453 ‘serenum
595 1413 838 1453 admittentes
856 1447 866 1464 ,
909 1415 971 1467 qui
1006 1414 1103 1455 coeii
1135 1415 1326 1468 adspedtus
1345 1448 1356 1467 ,
1389 1412 1591 1454 accedente
1621 1413 1692 1452 cir-

379 1487 423 1516 ca
455 1475 542 1516 hor.
584 1483 656 1527 102}
689 1478 912 1531 tempestate
931 1510 941 1528 ‚
975 1490 1087 1532 quam
1120 1477 1262 1530 fulgura
1303 1487 1342 1518 et
1373 1478 1540 1518 tonitrua
1572 1476 1695 1517 comi-

379 1539 546 1579 tabantur
564 1572 575 1591 ,
616 1542 854 1580 continuauit
893 1540 970 1580 fere
1012 1542 1126 1594 vsque
1166 1542 1213 1580 ad
1246 1541 1443 1581 meridiem
1464 1574 1475 1592 ,
1515 1551 1594 1594 quo
1625 1551 1695 1579 nu-

378 1601 441 1642 bes
473 1603 634 1656 dispergi
676 1602 907 1655 incipiebant
925 1637 935 1654 ,
978 1612 1016 1643 et
1047 1603 1197 1644 coelum
1231 1604 1397 1645 serenum
1438 1604 1532 1645 fieri.
1596 1602 1694 1643 Inde

378 1665 517 1706 (aetum
560 1666 643 1718 est,
693 1676 737 1705 vt
778 1668 977 1719 negotium
1020 1666 1324 1708 obseruationum
1367 1677 1452 1707 ante
1491 1667 1696 1707 meridiem

378 1728 486 1783 saepe
520 1730 740 1770 turbaretur.
808 1728 896 1770 Nec
931 1729 1080 1769 initium
1116 1729 1260 1782 eclipfis
1302 1729 1436 1769 exaete
1470 1728 1696 1781 obseruaui3

381 1791 501 1833 finem
547 1805 643 1833 vero
683 1805 752 1846 per
784 1793 915 1834 tubum
959 1790 1239 1844 Gregorianum
1275 1793 1339 1832 sub
1371 1802 1551 1846 apparatu
1573 1825 1584 1844 ,
1617 1803 1697 1845 quo

383 1856 447 1896 iste
480 1855 631 1897 obiestti
670 1868 722 1906 52
761 1857 907 1897 vicibus
946 1856 1146 1897 secundum
1190 1856 1416 1896 diametrum
1450 1865 1587 1908 auget,
1625 1867 1699 1909 op-

381 1919 475 1960 time
510 1931 692 1961 annotare
724 1921 828 1960 licuit
860 1921 944 1960 hor.
986 1933 1002 1957 1
1048 1920 1119 1968 19¹
1159 1921 1254 1970 38²²
1287 1929 1405 1971 temp.
1439 1931 1548 1959 vero.

504 1996 542 2021 2.
581 1984 782 2038 Pracipuae
817 1984 1093 2024 obseruationes
1124 1983 1312 2023 institutae
1350 1982 1431 2022 sunt
1464 1995 1534 2035 per
1564 1981 1697 2022 tubum

383 2044 680 2087 astronomicum
725 2058 797 2087 tres
830 2048 944 2101 pedes
978 2047 1157 2100 parisinos
1186 2047 1364 2098 long-zm,
1391 2045 1541 2086 obieeta
1572 2045 1694 2084 secun-

383 2107 477 2148 dum
519 2109 727 2153 diamerum
784 2123 840 2160 14
887 2111 1031 2151 vicibus
1070 2108 1370 2163 amplificantem
1390 2141 1402 2162 ,
1442 2121 1558 2165 eaque
1599 2108 1700 2148 clare

1553 2183 1697 2226 reprae-
