<?xml version="1.0" encoding="UTF-8"?>
<!DOCTYPE html PUBLIC "-//W3C//DTD XHTML 1.0 Transitional//EN"
    "http://www.w3.org/TR/xhtml1/DTD/xhtml1-transitional.dtd">
<html xmlns="http://www.w3.org/1999/xhtml" xml:lang="en" lang="en">
 <head>
  <title>
</title>
<meta http-equiv="Content-Type" content="text/html;charset=utf-8" />
  <meta name='ocr-system' content='tesseract 3.04.00' />
  <meta name='ocr-capabilities' content='ocr_page ocr_carea ocr_par ocr_line ocrx_word'/>
</head>
<body>
  <div class='ocr_page' id='page_1' title='image "./novicommentariac01impe_0369.png"; bbox 0 0 1820 2506; ppageno 0'>
   <div class='ocr_carea' id='block_1_1' title="bbox 489 141 1498 210">
    <p class='ocr_par' dir='ltr' id='par_1_1' title="bbox 489 141 1498 210">
     <span class='ocr_line' id='line_1_1' title="bbox 489 141 1498 210; baseline -0.004 -5"><span class='ocrx_word' id='word_1_1' title='bbox 489 141 570 205; x_wconf 70' lang='lat' dir='ltr'><strong>m‘</strong></span> <span class='ocrx_word' id='word_1_2' title='bbox 587 154 820 204; x_wconf 57' lang='lat' dir='ltr'><strong>Fontius</strong></span> <span class='ocrx_word' id='word_1_3' title='bbox 860 150 1199 201; x_wconf 78' lang='lat' dir='ltr'><em>OBSERVATO</em></span> <span class='ocrx_word' id='word_1_4' title='bbox 1411 170 1498 210; x_wconf 85' lang='lat'><strong>271</strong></span> 
     </span>
    </p>
   </div>
   <div class='ocr_carea' id='block_1_2' title="bbox 620 273 1048 335">
    <p class='ocr_par' dir='ltr' id='par_1_2' title="bbox 620 273 1048 335">
     <span class='ocr_line' id='line_1_2' title="bbox 620 273 1048 335; baseline -0.009 0"><span class='ocrx_word' id='word_1_5' title='bbox 620 274 685 335; x_wconf 87' lang='lat' dir='ltr'>T</span> <span class='ocrx_word' id='word_1_6' title='bbox 688 273 960 334; x_wconf 83' lang='lat' dir='ltr'><strong>heorema</strong></span> <span class='ocrx_word' id='word_1_7' title='bbox 1004 295 1048 332; x_wconf 93' lang='lat'><strong>1.</strong></span> 
     </span>
    </p>
   </div>
   <div class='ocr_carea' id='block_1_3' title="bbox 172 354 1629 484">
    <p class='ocr_par' dir='ltr' id='par_1_3' title="bbox 172 354 1629 484">
     <span class='ocr_line' id='line_1_3' title="bbox 321 354 1629 419; baseline -0.004 -12"><span class='ocrx_word' id='word_1_8' title='bbox 321 365 356 416; x_wconf 72' lang='grc' dir='ltr'><strong>ξ.</strong></span> <span class='ocrx_word' id='word_1_9' title='bbox 399 378 417 406; x_wconf 86' lang='lat'>1</span> <span class='ocrx_word' id='word_1_10' title='bbox 430 375 472 417; x_wconf 80' lang='grc'><strong>5-</strong></span> <span class='ocrx_word' id='word_1_11' title='bbox 506 364 712 419; x_wconf 82' lang='lat' dir='ltr'>Tempore</span> <span class='ocrx_word' id='word_1_12' title='bbox 745 364 888 405; x_wconf 84' lang='lat' dir='ltr'><strong>aestiuo</strong></span> <span class='ocrx_word' id='word_1_13' title='bbox 921 375 984 404; x_wconf 86' lang='lat' dir='ltr'><strong>aer</strong></span> <span class='ocrx_word' id='word_1_14' title='bbox 1023 360 1138 403; x_wconf 86' lang='lat' dir='ltr'><strong>debet</strong></span> <span class='ocrx_word' id='word_1_15' title='bbox 1168 360 1314 403; x_wconf 79' lang='lat' dir='ltr'><strong>infilndi</strong></span> <span class='ocrx_word' id='word_1_16' title='bbox 1354 361 1394 403; x_wconf 91' lang='lat' dir='ltr'><strong>in</strong></span> <span class='ocrx_word' id='word_1_17' title='bbox 1428 375 1499 418; x_wconf 87' lang='lat' dir='ltr'><strong>pu·</strong></span> <span class='ocrx_word' id='word_1_18' title='bbox 1513 354 1571 394; x_wconf 69' lang='lat'>¹²⁵3·</span> <span class='ocrx_word' id='word_1_19' title='bbox 1599 365 1629 388; x_wconf 82' lang='lat'><strong>¹·</strong></span> 
     </span>
     <span class='ocr_line' id='line_1_4' title="bbox 172 426 1497 484; baseline -0.002 -12"><span class='ocrx_word' id='word_1_20' title='bbox 172 437 278 472; x_wconf 84' lang='lat' dir='ltr'><strong>teum</strong></span> <span class='ocrx_word' id='word_1_21' title='bbox 329 431 506 472; x_wconf 87' lang='lat' dir='ltr'><strong>altiorem</strong></span> <span class='ocrx_word' id='word_1_22' title='bbox 557 428 592 471; x_wconf 94' lang='lat' dir='ltr'>C</span> <span class='ocrx_word' id='word_1_23' title='bbox 611 430 648 471; x_wconf 91' lang='lat' dir='ltr'><strong>E</strong></span> <span class='ocrx_word' id='word_1_24' title='bbox 681 437 721 470; x_wconf 91' lang='lat' dir='ltr'><strong>et</strong></span> <span class='ocrx_word' id='word_1_25' title='bbox 752 441 807 470; x_wconf 87' lang='lat' dir='ltr'><strong>ex</strong></span> <span class='ocrx_word' id='word_1_26' title='bbox 838 437 959 484; x_wconf 90' lang='lat' dir='ltr'><strong>puteo</strong></span> <span class='ocrx_word' id='word_1_27' title='bbox 992 426 1190 468; x_wconf 88' lang='lat' dir='ltr'><strong>humiliori</strong></span> <span class='ocrx_word' id='word_1_28' title='bbox 1230 426 1311 469; x_wconf 92' lang='lat' dir='ltr'><strong>AB</strong></span> <span class='ocrx_word' id='word_1_29' title='bbox 1353 428 1497 481; x_wconf 84' lang='lat' dir='ltr'><strong>egredi.</strong></span> 
     </span>
    </p>
   </div>
   <div class='ocr_carea' id='block_1_4' title="bbox 618 485 1066 549">
    <p class='ocr_par' dir='ltr' id='par_1_4' title="bbox 618 485 1066 549">
     <span class='ocr_line' id='line_1_5' title="bbox 618 485 1066 549; baseline -0.009 0"><span class='ocrx_word' id='word_1_30' title='bbox 618 485 1066 549; x_wconf 82' lang='lat' dir='ltr'><strong>Demonstratio.</strong></span> 
     </span>
    </p>
   </div>
   <div class='ocr_carea' id='block_1_5' title="bbox 159 575 1495 1721">
    <p class='ocr_par' dir='ltr' id='par_1_5' title="bbox 159 575 1495 1721">
     <span class='ocr_line' id='line_1_6' title="bbox 321 575 1492 632; baseline -0.001 -12"><span class='ocrx_word' id='word_1_31' title='bbox 321 580 405 621; x_wconf 88' lang='lat' dir='ltr'><strong>Aer</strong></span> <span class='ocrx_word' id='word_1_32' title='bbox 432 580 474 619; x_wconf 90' lang='lat' dir='ltr'><strong>in</strong></span> <span class='ocrx_word' id='word_1_33' title='bbox 506 579 644 620; x_wconf 84' lang='lat' dir='ltr'>fodinis</span> <span class='ocrx_word' id='word_1_34' title='bbox 676 579 819 620; x_wconf 88' lang='lat' dir='ltr'><strong>aestiuo</strong></span> <span class='ocrx_word' id='word_1_35' title='bbox 850 588 1033 632; x_wconf 89' lang='lat' dir='ltr'><strong>tempore</strong></span> <span class='ocrx_word' id='word_1_36' title='bbox 1064 576 1119 618; x_wconf 89' lang='lat' dir='ltr'><strong>est</strong></span> <span class='ocrx_word' id='word_1_37' title='bbox 1151 575 1328 631; x_wconf 88' lang='lat' dir='ltr'>specifice</span> <span class='ocrx_word' id='word_1_38' title='bbox 1368 577 1492 631; x_wconf 88' lang='lat' dir='ltr'><strong>graui-</strong></span> 
     </span>
     <span class='ocr_line' id='line_1_7' title="bbox 171 640 1494 699; baseline -0.002 -13"><span class='ocrx_word' id='word_1_39' title='bbox 171 657 219 686; x_wconf 90' lang='lat' dir='ltr'><strong>or</strong></span> <span class='ocrx_word' id='word_1_40' title='bbox 250 657 364 699; x_wconf 85' lang='lat' dir='ltr'><strong>quam</strong></span> <span class='ocrx_word' id='word_1_41' title='bbox 404 652 584 684; x_wconf 88' lang='lat' dir='ltr'><strong>externus</strong></span> <span class='ocrx_word' id='word_1_42' title='bbox 624 640 674 698; x_wconf 82' lang='lat'><strong>(§.</strong></span> <span class='ocrx_word' id='word_1_43' title='bbox 716 646 807 695; x_wconf 88' lang='lat'>11.)</span> <span class='ocrx_word' id='word_1_44' title='bbox 879 641 1136 696; x_wconf 83' lang='lat' dir='ltr'><strong>quamobrem</strong></span> <span class='ocrx_word' id='word_1_45' title='bbox 1177 653 1241 682; x_wconf 87' lang='lat' dir='ltr'><strong>aer</strong></span> <span class='ocrx_word' id='word_1_46' title='bbox 1289 642 1330 681; x_wconf 91' lang='lat' dir='ltr'><strong>in</strong></span> <span class='ocrx_word' id='word_1_47' title='bbox 1372 652 1494 695; x_wconf 91' lang='lat' dir='ltr'><strong>puteo</strong></span> 
     </span>
     <span class='ocr_line' id='line_1_8' title="bbox 168 703 1492 760; baseline -0.002 -11"><span class='ocrx_word' id='word_1_48' title='bbox 168 709 305 749; x_wconf 86' lang='lat' dir='ltr'><strong>altiote</strong></span> <span class='ocrx_word' id='word_1_49' title='bbox 342 705 388 758; x_wconf 77' lang='lat' dir='ltr'><strong>¹C</strong></span> <span class='ocrx_word' id='word_1_50' title='bbox 406 707 444 748; x_wconf 93' lang='lat' dir='ltr'>E</span> <span class='ocrx_word' id='word_1_51' title='bbox 490 706 810 760; x_wconf 79' lang='lat' dir='ltr'>praeponderabit</span> <span class='ocrx_word' id='word_1_52' title='bbox 856 705 933 747; x_wconf 83' lang='lat' dir='ltr'><strong>aeri</strong></span> <span class='ocrx_word' id='word_1_53' title='bbox 980 706 1021 745; x_wconf 89' lang='lat' dir='ltr'><strong>in</strong></span> <span class='ocrx_word' id='word_1_54' title='bbox 1061 714 1181 759; x_wconf 92' lang='lat' dir='ltr'><strong>puteo</strong></span> <span class='ocrx_word' id='word_1_55' title='bbox 1219 703 1412 746; x_wconf 90' lang='lat' dir='ltr'><strong>himiliori</strong></span> <span class='ocrx_word' id='word_1_56' title='bbox 1452 706 1492 746; x_wconf 90' lang='lat' dir='ltr'><strong>A</strong></span> 
     </span>
     <span class='ocr_line' id='line_1_9' title="bbox 169 768 1491 827; baseline -0.003 -12"><span class='ocrx_word' id='word_1_57' title='bbox 169 769 206 815; x_wconf 91' lang='lat' dir='ltr'>B</span> <span class='ocrx_word' id='word_1_58' title='bbox 223 804 234 824; x_wconf 86' lang='lat'>‚</span> <span class='ocrx_word' id='word_1_59' title='bbox 268 772 320 821; x_wconf 64' lang='grc' dir='ltr'><strong>(ξ.</strong></span> <span class='ocrx_word' id='word_1_60' title='bbox 355 770 416 827; x_wconf 90' lang='lat'><strong>6.)</strong></span> <span class='ocrx_word' id='word_1_61' title='bbox 451 768 738 825; x_wconf 72' lang='lat' dir='ltr'><strong>Consequenter</strong></span> <span class='ocrx_word' id='word_1_62' title='bbox 768 783 821 811; x_wconf 83' lang='lat' dir='ltr'><strong>ex</strong></span> <span class='ocrx_word' id='word_1_63' title='bbox 852 768 888 811; x_wconf 90' lang='lat' dir='ltr'>C</span> <span class='ocrx_word' id='word_1_64' title='bbox 930 768 1131 810; x_wconf 86' lang='lat' dir='ltr'><strong>descendet</strong></span> <span class='ocrx_word' id='word_1_65' title='bbox 1172 781 1289 823; x_wconf 87' lang='lat' dir='ltr'><strong>vsque</strong></span> <span class='ocrx_word' id='word_1_66' title='bbox 1329 770 1376 810; x_wconf 82' lang='lat' dir='ltr'><strong>ad</strong></span> <span class='ocrx_word' id='word_1_67' title='bbox 1416 769 1461 811; x_wconf 95' lang='lat' dir='ltr'><strong>D</strong></span> <span class='ocrx_word' id='word_1_68' title='bbox 1479 803 1491 822; x_wconf 82' lang='lat'>‚</span> 
     </span>
     <span class='ocr_line' id='line_1_10' title="bbox 168 833 1492 889; baseline -0.002 -12"><span class='ocrx_word' id='word_1_69' title='bbox 168 845 216 877; x_wconf 82' lang='lat' dir='ltr'><strong>vt</strong></span> <span class='ocrx_word' id='word_1_70' title='bbox 245 848 332 876; x_wconf 91' lang='lat' dir='ltr'><strong>cum</strong></span> <span class='ocrx_word' id='word_1_71' title='bbox 368 849 455 879; x_wconf 89' lang='lat' dir='ltr'><strong>aere</strong></span> <span class='ocrx_word' id='word_1_72' title='bbox 486 837 527 876; x_wconf 92' lang='lat' dir='ltr'><strong>in</strong></span> <span class='ocrx_word' id='word_1_73' title='bbox 562 844 681 889; x_wconf 92' lang='lat' dir='ltr'><strong>puteo</strong></span> <span class='ocrx_word' id='word_1_74' title='bbox 715 837 753 877; x_wconf 92' lang='lat' dir='ltr'><strong>A</strong></span> <span class='ocrx_word' id='word_1_75' title='bbox 771 833 807 876; x_wconf 90' lang='lat' dir='ltr'>B</span> <span class='ocrx_word' id='word_1_76' title='bbox 838 843 1028 876; x_wconf 90' lang='lat' dir='ltr'><strong>contento</strong></span> <span class='ocrx_word' id='word_1_77' title='bbox 1060 833 1321 887; x_wconf 82' lang='lat' dir='ltr'><strong>aequilibrium</strong></span> <span class='ocrx_word' id='word_1_78' title='bbox 1364 835 1492 888; x_wconf 81' lang='lat' dir='ltr'><strong>acqui-</strong></span> 
     </span>
     <span class='ocr_line' id='line_1_11' title="bbox 165 895 1493 954; baseline -0.001 -14"><span class='ocrx_word' id='word_1_79' title='bbox 165 908 254 953; x_wconf 85' lang='lat' dir='ltr'><strong>rat;</strong></span> <span class='ocrx_word' id='word_1_80' title='bbox 289 900 376 954; x_wconf 92' lang='lat' dir='ltr'><strong>post</strong></span> <span class='ocrx_word' id='word_1_81' title='bbox 408 899 626 942; x_wconf 88' lang='lat' dir='ltr'><strong>descensum</strong></span> <span class='ocrx_word' id='word_1_82' title='bbox 658 899 833 954; x_wconf 83' lang='lat' dir='ltr'><strong>expellet</strong></span> <span class='ocrx_word' id='word_1_83' title='bbox 866 912 918 939; x_wconf 89' lang='lat' dir='ltr'><strong>ex</strong></span> <span class='ocrx_word' id='word_1_84' title='bbox 949 907 1070 951; x_wconf 90' lang='lat' dir='ltr'><strong>puteo</strong></span> <span class='ocrx_word' id='word_1_85' title='bbox 1105 897 1143 938; x_wconf 90' lang='lat' dir='ltr'><strong>A</strong></span> <span class='ocrx_word' id='word_1_86' title='bbox 1162 895 1198 936; x_wconf 90' lang='lat' dir='ltr'>B</span> <span class='ocrx_word' id='word_1_87' title='bbox 1241 897 1493 951; x_wconf 82' lang='lat' dir='ltr'><strong>quantitatem</strong></span> 
     </span>
     <span class='ocr_line' id='line_1_12' title="bbox 166 960 1492 1019; baseline -0.001 -16"><span class='ocrx_word' id='word_1_88' title='bbox 166 964 260 1004; x_wconf 82' lang='lat' dir='ltr'><strong>aeris</strong></span> <span class='ocrx_word' id='word_1_89' title='bbox 311 964 510 1019; x_wconf 83' lang='lat' dir='ltr'><strong>aequalem</strong></span> <span class='ocrx_word' id='word_1_90' title='bbox 561 964 759 1018; x_wconf 83' lang='lat' dir='ltr'><strong>quantitati</strong></span> <span class='ocrx_word' id='word_1_91' title='bbox 793 983 828 1016; x_wconf 84' lang='lat'><strong>,·</strong></span> <span class='ocrx_word' id='word_1_92' title='bbox 857 974 954 1018; x_wconf 85' lang='lat' dir='ltr'><strong>quae</strong></span> <span class='ocrx_word' id='word_1_93' title='bbox 1001 960 1267 1002; x_wconf 85' lang='lat' dir='ltr'><strong>continebatur</strong></span> <span class='ocrx_word' id='word_1_94' title='bbox 1313 961 1353 1000; x_wconf 89' lang='lat' dir='ltr'><strong>in</strong></span> <span class='ocrx_word' id='word_1_95' title='bbox 1405 974 1492 1015; x_wconf 88' lang='lat' dir='ltr'><strong>par-</strong></span> 
     </span>
     <span class='ocr_line' id='line_1_13' title="bbox 164 1025 1491 1084; baseline -0.002 -17"><span class='ocrx_word' id='word_1_96' title='bbox 164 1034 205 1067; x_wconf 90' lang='lat' dir='ltr'><strong>te</strong></span> <span class='ocrx_word' id='word_1_97' title='bbox 237 1025 271 1068; x_wconf 91' lang='lat' dir='ltr'>C</span> <span class='ocrx_word' id='word_1_98' title='bbox 290 1027 334 1068; x_wconf 95' lang='lat' dir='ltr'>D</span> <span class='ocrx_word' id='word_1_99' title='bbox 372 1030 480 1084; x_wconf 89' lang='lat' dir='ltr'><strong>putei</strong></span> <span class='ocrx_word' id='word_1_100' title='bbox 520 1027 558 1069; x_wconf 91' lang='lat' dir='ltr'><strong>E</strong></span> <span class='ocrx_word' id='word_1_101' title='bbox 576 1026 624 1069; x_wconf 95' lang='lat' dir='ltr'><strong>C.</strong></span> <span class='ocrx_word' id='word_1_102' title='bbox 699 1026 852 1068; x_wconf 88' lang='lat' dir='ltr'><strong>Interea</strong></span> <span class='ocrx_word' id='word_1_103' title='bbox 892 1039 956 1067; x_wconf 82' lang='lat' dir='ltr'><strong>aer</strong></span> <span class='ocrx_word' id='word_1_104' title='bbox 995 1034 1176 1066; x_wconf 88' lang='lat' dir='ltr'><strong>externus</strong></span> <span class='ocrx_word' id='word_1_105' title='bbox 1225 1026 1380 1080; x_wconf 87' lang='lat' dir='ltr'><strong>propria</strong></span> <span class='ocrx_word' id='word_1_106' title='bbox 1430 1025 1491 1066; x_wconf 86' lang='lat' dir='ltr'><strong>sua</strong></span> 
     </span>
     <span class='ocr_line' id='line_1_14' title="bbox 163 1087 1490 1146; baseline -0.002 -14"><span class='ocrx_word' id='word_1_107' title='bbox 163 1092 346 1144; x_wconf 85' lang='lat' dir='ltr'><strong>grauitate</strong></span> <span class='ocrx_word' id='word_1_108' title='bbox 379 1093 577 1134; x_wconf 87' lang='lat' dir='ltr'><strong>descendet</strong></span> <span class='ocrx_word' id='word_1_109' title='bbox 620 1093 659 1133; x_wconf 91' lang='lat' dir='ltr'><strong>in</strong></span> <span class='ocrx_word' id='word_1_110' title='bbox 692 1101 851 1146; x_wconf 90' lang='lat' dir='ltr'><strong>puteum</strong></span> <span class='ocrx_word' id='word_1_111' title='bbox 891 1087 965 1133; x_wconf 91' lang='lat' dir='ltr'><strong>EC</strong></span> <span class='ocrx_word' id='word_1_112' title='bbox 1005 1102 1124 1143; x_wconf 85' lang='lat' dir='ltr'><strong>vsque</strong></span> <span class='ocrx_word' id='word_1_113' title='bbox 1161 1090 1208 1131; x_wconf 87' lang='lat' dir='ltr'><strong>ad</strong></span> <span class='ocrx_word' id='word_1_114' title='bbox 1248 1088 1292 1130; x_wconf 94' lang='lat' dir='ltr'>D</span> <span class='ocrx_word' id='word_1_115' title='bbox 1311 1123 1322 1142; x_wconf 82' lang='grc'>,</span> <span class='ocrx_word' id='word_1_116' title='bbox 1372 1089 1490 1130; x_wconf 88' lang='lat' dir='ltr'><strong>habe·</strong></span> 
     </span>
     <span class='ocr_line' id='line_1_15' title="bbox 162 1152 1489 1209; baseline 0 -15"><span class='ocrx_word' id='word_1_117' title='bbox 162 1154 293 1208; x_wconf 89' lang='lat' dir='ltr'><strong>bitque</strong></span> <span class='ocrx_word' id='word_1_118' title='bbox 327 1157 492 1196; x_wconf 88' lang='lat' dir='ltr'><strong>eundem</strong></span> <span class='ocrx_word' id='word_1_119' title='bbox 525 1156 683 1209; x_wconf 86' lang='lat' dir='ltr'><strong>gradum</strong></span> <span class='ocrx_word' id='word_1_120' title='bbox 717 1154 853 1195; x_wconf 85' lang='lat' dir='ltr'><strong>caloris</strong></span> <span class='ocrx_word' id='word_1_121' title='bbox 869 1187 884 1207; x_wconf 66' lang='lat'>‚</span> <span class='ocrx_word' id='word_1_122' title='bbox 916 1166 1032 1209; x_wconf 91' lang='lat' dir='ltr'><strong>quem</strong></span> <span class='ocrx_word' id='word_1_123' title='bbox 1065 1152 1181 1193; x_wconf 85' lang='lat' dir='ltr'><strong>habet</strong></span> <span class='ocrx_word' id='word_1_124' title='bbox 1219 1154 1362 1207; x_wconf 88' lang='lat' dir='ltr'><strong>reliqua</strong></span> <span class='ocrx_word' id='word_1_125' title='bbox 1403 1166 1489 1207; x_wconf 88' lang='lat' dir='ltr'><strong>pars</strong></span> 
     </span>
     <span class='ocr_line' id='line_1_16' title="bbox 161 1216 1495 1274; baseline -0.001 -16"><span class='ocrx_word' id='word_1_126' title='bbox 161 1219 256 1259; x_wconf 81' lang='lat' dir='ltr'><strong>aeris</strong></span> <span class='ocrx_word' id='word_1_127' title='bbox 292 1217 332 1258; x_wconf 86' lang='lat' dir='ltr'><strong>in</strong></span> <span class='ocrx_word' id='word_1_128' title='bbox 374 1220 501 1259; x_wconf 84' lang='lat' dir='ltr'><strong>fodina</strong></span> <span class='ocrx_word' id='word_1_129' title='bbox 542 1228 723 1260; x_wconf 82' lang='lat' dir='ltr'><strong>contenta</strong></span> <span class='ocrx_word' id='word_1_130' title='bbox 764 1217 814 1274; x_wconf 83' lang='lat'><strong>(§.</strong></span> <span class='ocrx_word' id='word_1_131' title='bbox 846 1216 933 1273; x_wconf 87' lang='lat'><strong>12)</strong></span> <span class='ocrx_word' id='word_1_132' title='bbox 974 1217 1015 1259; x_wconf 80' lang='lat' dir='ltr'><strong>h,</strong></span> <span class='ocrx_word' id='word_1_133' title='bbox 1039 1229 1074 1257; x_wconf 92' lang='lat' dir='ltr'><strong>e.</strong></span> <span class='ocrx_word' id='word_1_134' title='bbox 1111 1218 1184 1257; x_wconf 90' lang='lat' dir='ltr'><strong>erit</strong></span> <span class='ocrx_word' id='word_1_135' title='bbox 1213 1216 1386 1272; x_wconf 87' lang='lat' dir='ltr'><strong>specifice</strong></span> <span class='ocrx_word' id='word_1_136' title='bbox 1403 1225 1495 1270; x_wconf 78' lang='lat' dir='ltr'><strong>gra-¹</strong></span> 
     </span>
     <span class='ocr_line' id='line_1_17' title="bbox 162 1279 1487 1338; baseline 0.002 -16"><span class='ocrx_word' id='word_1_137' title='bbox 162 1283 252 1323; x_wconf 83' lang='lat' dir='ltr'><strong>vior</strong></span> <span class='ocrx_word' id='word_1_138' title='bbox 291 1292 455 1324; x_wconf 88' lang='lat' dir='ltr'><strong>externo</strong></span> <span class='ocrx_word' id='word_1_139' title='bbox 489 1280 539 1338; x_wconf 82' lang='lat'><strong>(§.</strong></span> <span class='ocrx_word' id='word_1_140' title='bbox 581 1280 667 1338; x_wconf 86' lang='lat'><em>14.)</em></span> <span class='ocrx_word' id='word_1_141' title='bbox 732 1280 1021 1337; x_wconf 89' lang='lat' dir='ltr'><strong>Consequenter</strong></span> <span class='ocrx_word' id='word_1_142' title='bbox 1060 1293 1124 1322; x_wconf 89' lang='lat' dir='ltr'><strong>aer</strong></span> <span class='ocrx_word' id='word_1_143' title='bbox 1152 1282 1193 1322; x_wconf 92' lang='lat' dir='ltr'><strong>in</strong></span> <span class='ocrx_word' id='word_1_144' title='bbox 1233 1291 1353 1336; x_wconf 88' lang='lat' dir='ltr'><strong>puteo</strong></span> <span class='ocrx_word' id='word_1_145' title='bbox 1395 1279 1429 1322; x_wconf 92' lang='lat' dir='ltr'>C</span> <span class='ocrx_word' id='word_1_146' title='bbox 1448 1281 1487 1324; x_wconf 86' lang='lat' dir='ltr'>E</span> 
     </span>
     <span class='ocr_line' id='line_1_18' title="bbox 161 1345 1487 1402; baseline 0.002 -16"><span class='ocrx_word' id='word_1_147' title='bbox 161 1347 294 1387; x_wconf 85' lang='lat' dir='ltr'><strong>eadem</strong></span> <span class='ocrx_word' id='word_1_148' title='bbox 338 1348 487 1388; x_wconf 83' lang='lat' dir='ltr'><strong>ratione</strong></span> <span class='ocrx_word' id='word_1_149' title='bbox 520 1357 566 1388; x_wconf 87' lang='lat' dir='ltr'><strong>vt</strong></span> <span class='ocrx_word' id='word_1_150' title='bbox 597 1357 686 1388; x_wconf 88' lang='lat' dir='ltr'><strong>ante</strong></span> <span class='ocrx_word' id='word_1_151' title='bbox 703 1380 716 1400; x_wconf 85' lang='lat'>‚</span> <span class='ocrx_word' id='word_1_152' title='bbox 749 1345 1071 1402; x_wconf 80' lang='lat' dir='ltr'><strong>praeponderabit</strong></span> <span class='ocrx_word' id='word_1_153' title='bbox 1103 1347 1180 1387; x_wconf 85' lang='lat' dir='ltr'><strong>aeri</strong></span> <span class='ocrx_word' id='word_1_154' title='bbox 1210 1346 1251 1386; x_wconf 90' lang='lat' dir='ltr'><strong>in</strong></span> <span class='ocrx_word' id='word_1_155' title='bbox 1284 1355 1406 1401; x_wconf 89' lang='lat' dir='ltr'><strong>puteo</strong></span> <span class='ocrx_word' id='word_1_156' title='bbox 1446 1346 1487 1388; x_wconf 88' lang='lat' dir='ltr'><strong>A</strong></span> 
     </span>
     <span class='ocr_line' id='line_1_19' title="bbox 162 1407 1485 1466; baseline 0.002 -16"><span class='ocrx_word' id='word_1_157' title='bbox 162 1407 199 1450; x_wconf 90' lang='lat' dir='ltr'>B</span> <span class='ocrx_word' id='word_1_158' title='bbox 230 1421 418 1453; x_wconf 88' lang='lat' dir='ltr'><strong>contento</strong></span> <span class='ocrx_word' id='word_1_159' title='bbox 436 1445 447 1464; x_wconf 80' lang='lat'>,</span> <span class='ocrx_word' id='word_1_160' title='bbox 490 1420 530 1452; x_wconf 90' lang='lat' dir='ltr'><strong>et</strong></span> <span class='ocrx_word' id='word_1_161' title='bbox 569 1410 792 1453; x_wconf 84' lang='lat' dir='ltr'><strong>descendens</strong></span> <span class='ocrx_word' id='word_1_162' title='bbox 835 1424 955 1466; x_wconf 78' lang='lat' dir='ltr'><strong>Vsque</strong></span> <span class='ocrx_word' id='word_1_163' title='bbox 996 1411 1037 1452; x_wconf 88' lang='lat' dir='ltr'><strong>in</strong></span> <span class='ocrx_word' id='word_1_164' title='bbox 1078 1408 1122 1450; x_wconf 93' lang='lat' dir='ltr'>D</span> <span class='ocrx_word' id='word_1_165' title='bbox 1140 1443 1151 1463; x_wconf 84' lang='lat'>,</span> <span class='ocrx_word' id='word_1_166' title='bbox 1193 1410 1301 1451; x_wconf 92' lang='lat' dir='ltr'><strong>illum</strong></span> <span class='ocrx_word' id='word_1_167' title='bbox 1341 1423 1412 1465; x_wconf 92' lang='lat' dir='ltr'><strong>per</strong></span> <span class='ocrx_word' id='word_1_168' title='bbox 1444 1411 1485 1452; x_wconf 87' lang='lat' dir='ltr'><strong>A</strong></span> 
     </span>
     <span class='ocr_line' id='line_1_20' title="bbox 159 1472 1484 1530; baseline 0.002 -17"><span class='ocrx_word' id='word_1_169' title='bbox 159 1474 330 1527; x_wconf 88' lang='lat' dir='ltr'><strong>expellet</strong></span> <span class='ocrx_word' id='word_1_170' title='bbox 364 1487 415 1515; x_wconf 86' lang='lat' dir='ltr'><strong>ex</strong></span> <span class='ocrx_word' id='word_1_171' title='bbox 449 1485 570 1530; x_wconf 89' lang='lat' dir='ltr'><strong>puteo</strong></span> <span class='ocrx_word' id='word_1_172' title='bbox 602 1477 642 1517; x_wconf 94' lang='lat' dir='ltr'><strong>A</strong></span> <span class='ocrx_word' id='word_1_173' title='bbox 661 1474 696 1516; x_wconf 89' lang='lat' dir='ltr'>B</span> <span class='ocrx_word' id='word_1_174' title='bbox 714 1509 725 1528; x_wconf 80' lang='lat'>,</span> <span class='ocrx_word' id='word_1_175' title='bbox 758 1477 797 1516; x_wconf 87' lang='lat' dir='ltr'><strong>in</strong></span> <span class='ocrx_word' id='word_1_176' title='bbox 814 1485 964 1529; x_wconf 84' lang='lat' dir='ltr'><strong>partem</strong></span> <span class='ocrx_word' id='word_1_177' title='bbox 998 1472 1033 1515; x_wconf 92' lang='lat' dir='ltr'>C</span> <span class='ocrx_word' id='word_1_178' title='bbox 1052 1473 1096 1515; x_wconf 96' lang='lat' dir='ltr'>D</span> <span class='ocrx_word' id='word_1_179' title='bbox 1128 1475 1232 1528; x_wconf 88' lang='lat' dir='ltr'><strong>putei</strong></span> <span class='ocrx_word' id='word_1_180' title='bbox 1265 1475 1304 1515; x_wconf 91' lang='lat' dir='ltr'><strong>E</strong></span> <span class='ocrx_word' id='word_1_181' title='bbox 1321 1472 1378 1528; x_wconf 83' lang='lat' dir='ltr'><strong>C,</strong></span> <span class='ocrx_word' id='word_1_182' title='bbox 1411 1488 1484 1517; x_wconf 78' lang='lat' dir='ltr'><strong>ex-</strong></span> 
     </span>
     <span class='ocr_line' id='line_1_21' title="bbox 159 1538 1483 1580; baseline 0.002 -3"><span class='ocrx_word' id='word_1_183' title='bbox 159 1545 311 1578; x_wconf 88' lang='lat' dir='ltr'><strong>ternum</strong></span> <span class='ocrx_word' id='word_1_184' title='bbox 353 1551 479 1580; x_wconf 84' lang='lat' dir='ltr'><strong>aerem</strong></span> <span class='ocrx_word' id='word_1_185' title='bbox 512 1540 657 1580; x_wconf 87' lang='lat' dir='ltr'><strong>rursum</strong></span> <span class='ocrx_word' id='word_1_186' title='bbox 707 1538 943 1580; x_wconf 77' lang='lat' dir='ltr'><strong>admissurus.</strong></span> <span class='ocrx_word' id='word_1_187' title='bbox 1020 1539 1075 1579; x_wconf 85' lang='lat' dir='ltr'><strong>Et</strong></span> <span class='ocrx_word' id='word_1_188' title='bbox 1115 1538 1188 1578; x_wconf 82' lang='lat' dir='ltr'><strong>hac</strong></span> <span class='ocrx_word' id='word_1_189' title='bbox 1229 1540 1376 1579; x_wconf 85' lang='lat' dir='ltr'><strong>ratione</strong></span> <span class='ocrx_word' id='word_1_190' title='bbox 1417 1540 1483 1580; x_wconf 90' lang='lat' dir='ltr'><strong>iste</strong></span> 
     </span>
     <span class='ocr_line' id='line_1_22' title="bbox 159 1602 1481 1657; baseline 0.002 -15"><span class='ocrx_word' id='word_1_191' title='bbox 159 1602 254 1642; x_wconf 81' lang='lat' dir='ltr'><strong>aeris</strong></span> <span class='ocrx_word' id='word_1_192' title='bbox 285 1612 417 1643; x_wconf 84' lang='lat' dir='ltr'><strong>motus</strong></span> <span class='ocrx_word' id='word_1_193' title='bbox 449 1604 596 1645; x_wconf 86' lang='lat' dir='ltr'><strong>tamdiu</strong></span> <span class='ocrx_word' id='word_1_194' title='bbox 627 1604 911 1645; x_wconf 82' lang='lat' dir='ltr'><strong>continuabitur</strong></span> <span class='ocrx_word' id='word_1_195' title='bbox 933 1637 945 1656; x_wconf 66' lang='lat'><em>⁷</em></span> <span class='ocrx_word' id='word_1_196' title='bbox 975 1614 1173 1657; x_wconf 85' lang='lat' dir='ltr'><strong>quousque</strong></span> <span class='ocrx_word' id='word_1_197' title='bbox 1206 1615 1270 1643; x_wconf 84' lang='lat' dir='ltr'><strong>aer</strong></span> <span class='ocrx_word' id='word_1_198' title='bbox 1301 1604 1341 1643; x_wconf 91' lang='lat' dir='ltr'><strong>in</strong></span> <span class='ocrx_word' id='word_1_199' title='bbox 1382 1603 1481 1644; x_wconf 89' lang='lat' dir='ltr'><strong>fodi-</strong></span> 
     </span>
     <span class='ocr_line' id='line_1_23' title="bbox 161 1665 1477 1721; baseline 0.002 -16"><span class='ocrx_word' id='word_1_200' title='bbox 161 1677 211 1706; x_wconf 87' lang='lat' dir='ltr'><strong>na</strong></span> <span class='ocrx_word' id='word_1_201' title='bbox 240 1676 445 1707; x_wconf 88' lang='lat' dir='ltr'><strong>contentus</strong></span> <span class='ocrx_word' id='word_1_202' title='bbox 476 1668 646 1709; x_wconf 84' lang='lat' dir='ltr'><strong>manebit</strong></span> <span class='ocrx_word' id='word_1_203' title='bbox 676 1667 850 1721; x_wconf 90' lang='lat' dir='ltr'><strong>specifice</strong></span> <span class='ocrx_word' id='word_1_204' title='bbox 884 1668 1035 1721; x_wconf 82' lang='lat' dir='ltr'><strong>grauior</strong></span> <span class='ocrx_word' id='word_1_205' title='bbox 1063 1676 1229 1707; x_wconf 85' lang='lat' dir='ltr'><strong>externo</strong></span> <span class='ocrx_word' id='word_1_206' title='bbox 1247 1699 1258 1719; x_wconf 87' lang='lat'>,</span> <span class='ocrx_word' id='word_1_207' title='bbox 1291 1665 1369 1706; x_wconf 90' lang='lat' dir='ltr'><strong>hoc</strong></span> <span class='ocrx_word' id='word_1_208' title='bbox 1405 1667 1477 1720; x_wconf 87' lang='lat' dir='ltr'><strong>est,</strong></span> 
     </span>
    </p>
   </div>
   <div class='ocr_carea' id='block_1_6' title="bbox 162 1730 1478 1853">
    <p class='ocr_par' dir='ltr' id='par_1_6' title="bbox 162 1730 1478 1853">
     <span class='ocr_line' id='line_1_24' title="bbox 162 1730 1478 1786; baseline 0.002 -17"><span class='ocrx_word' id='word_1_209' title='bbox 162 1737 342 1783; x_wconf 87' lang='lat' dir='ltr'><strong>tempore</strong></span> <span class='ocrx_word' id='word_1_210' title='bbox 375 1732 517 1772; x_wconf 81' lang='lat' dir='ltr'><strong>aestiuo</strong></span> <span class='ocrx_word' id='word_1_211' title='bbox 549 1745 612 1772; x_wconf 87' lang='lat' dir='ltr'><strong>aer</strong></span> <span class='ocrx_word' id='word_1_212' title='bbox 642 1731 859 1774; x_wconf 86' lang='lat' dir='ltr'><strong>infundetur</strong></span> <span class='ocrx_word' id='word_1_213' title='bbox 892 1734 932 1773; x_wconf 90' lang='lat' dir='ltr'><strong>in</strong></span> <span class='ocrx_word' id='word_1_214' title='bbox 967 1740 1129 1786; x_wconf 90' lang='lat' dir='ltr'><strong>puteum</strong></span> <span class='ocrx_word' id='word_1_215' title='bbox 1171 1730 1351 1771; x_wconf 75' lang='lat' dir='ltr'><strong>altiorem</strong></span> <span class='ocrx_word' id='word_1_216' title='bbox 1371 1764 1382 1784; x_wconf 87' lang='lat'>,</span> <span class='ocrx_word' id='word_1_217' title='bbox 1426 1743 1478 1772; x_wconf 82' lang='lat' dir='ltr'><strong>ex</strong></span> 
     </span>
     <span class='ocr_line' id='line_1_25' title="bbox 163 1790 818 1853; baseline 0.006 -21"><span class='ocrx_word' id='word_1_218' title='bbox 163 1790 369 1835; x_wconf 82' lang='lat' dir='ltr'><strong>humiliore</strong></span> <span class='ocrx_word' id='word_1_219' title='bbox 408 1794 549 1836; x_wconf 84' lang='lat' dir='ltr'><strong>effluet.</strong></span> <span class='ocrx_word' id='word_1_220' title='bbox 587 1796 639 1853; x_wconf 81' lang='lat' dir='ltr'><strong>Q.</strong></span> <span class='ocrx_word' id='word_1_221' title='bbox 678 1796 728 1836; x_wconf 88' lang='lat' dir='ltr'><strong>E.</strong></span> <span class='ocrx_word' id='word_1_222' title='bbox 763 1796 818 1837; x_wconf 87' lang='lat' dir='ltr'><strong>D.</strong></span> 
     </span>
    </p>
   </div>
   <div class='ocr_carea' id='block_1_7' title="bbox 161 1856 1476 2063">
    <p class='ocr_par' dir='ltr' id='par_1_7' title="bbox 161 1856 1476 2063">
     <span class='ocr_line' id='line_1_26' title="bbox 656 1856 965 1915; baseline 0.006 -2"><span class='ocrx_word' id='word_1_223' title='bbox 656 1856 965 1915; x_wconf 84' lang='lat' dir='ltr'><strong>Scholium.</strong></span> 
     </span>
     <span class='ocr_line' id='line_1_27' title="bbox 300 1941 1476 1999; baseline 0.004 -20"><span class='ocrx_word' id='word_1_224' title='bbox 300 1941 333 1990; x_wconf 87' lang='lat'><strong>§.</strong></span> <span class='ocrx_word' id='word_1_225' title='bbox 373 1945 439 1981; x_wconf 85' lang='lat'><strong>16.</strong></span> <span class='ocrx_word' id='word_1_226' title='bbox 480 1944 565 1985; x_wconf 89' lang='lat' dir='ltr'><strong>Aer</strong></span> <span class='ocrx_word' id='word_1_227' title='bbox 605 1957 658 1984; x_wconf 86' lang='lat' dir='ltr'><strong>ex</strong></span> <span class='ocrx_word' id='word_1_228' title='bbox 699 1955 818 1999; x_wconf 92' lang='lat' dir='ltr'><strong>puteo</strong></span> <span class='ocrx_word' id='word_1_229' title='bbox 863 1945 1072 1986; x_wconf 89' lang='lat' dir='ltr'><strong>humiliore</strong></span> <span class='ocrx_word' id='word_1_230' title='bbox 1113 1945 1153 1985; x_wconf 94' lang='lat' dir='ltr'><strong>A</strong></span> <span class='ocrx_word' id='word_1_231' title='bbox 1172 1943 1207 1984; x_wconf 93' lang='lat' dir='ltr'>B</span> <span class='ocrx_word' id='word_1_232' title='bbox 1240 1941 1402 1997; x_wconf 81' lang='lat' dir='ltr'><strong>egressus</strong></span> <span class='ocrx_word' id='word_1_233' title='bbox 1434 1944 1476 1985; x_wconf 88' lang='lat' dir='ltr'><strong>in</strong></span> 
     </span>
     <span class='ocr_line' id='line_1_28' title="bbox 161 2006 1476 2063; baseline 0.002 -18"><span class='ocrx_word' id='word_1_234' title='bbox 161 2017 251 2046; x_wconf 89' lang='lat' dir='ltr'><strong>eum</strong></span> <span class='ocrx_word' id='word_1_235' title='bbox 282 2006 344 2059; x_wconf 89' lang='lat' dir='ltr'><strong>qui</strong></span> <span class='ocrx_word' id='word_1_236' title='bbox 377 2006 539 2048; x_wconf 90' lang='lat' dir='ltr'><strong>succedit</strong></span> <span class='ocrx_word' id='word_1_237' title='bbox 557 2041 567 2061; x_wconf 82' lang='lat'>‚</span> <span class='ocrx_word' id='word_1_238' title='bbox 603 2009 752 2062; x_wconf 86' lang='lat' dir='ltr'><strong>integro</strong></span> <span class='ocrx_word' id='word_1_239' title='bbox 784 2010 850 2050; x_wconf 94' lang='lat' dir='ltr'><strong>suo</strong></span> <span class='ocrx_word' id='word_1_240' title='bbox 881 2009 1052 2063; x_wconf 90' lang='lat' dir='ltr'><strong>pondere</strong></span> <span class='ocrx_word' id='word_1_241' title='bbox 1084 2021 1194 2062; x_wconf 83' lang='lat' dir='ltr'><strong>agere</strong></span> <span class='ocrx_word' id='word_1_242' title='bbox 1237 2018 1275 2049; x_wconf 90' lang='lat' dir='ltr'><strong>et</strong></span> <span class='ocrx_word' id='word_1_243' title='bbox 1316 2009 1476 2062; x_wconf 85' lang='lat' dir='ltr'><strong>aequili-</strong></span> 
     </span>
    </p>
   </div>
   <div class='ocr_carea' id='block_1_8' title="bbox 164 2068 1475 2177">
    <p class='ocr_par' dir='ltr' id='par_1_8' title="bbox 164 2068 1475 2177">
     <span class='ocr_line' id='line_1_29' title="bbox 164 2068 1475 2130; baseline 0.001 -19"><span class='ocrx_word' id='word_1_244' title='bbox 164 2068 289 2111; x_wconf 59' lang='lat' dir='ltr'><strong>brium</strong></span> <span class='ocrx_word' id='word_1_245' title='bbox 321 2070 362 2111; x_wconf 90' lang='lat' dir='ltr'><strong>in</strong></span> <span class='ocrx_word' id='word_1_246' title='bbox 392 2068 519 2113; x_wconf 74' lang='lat' dir='ltr'><strong>iodina</strong></span> <span class='ocrx_word' id='word_1_247' title='bbox 549 2073 738 2114; x_wconf 88' lang='lat' dir='ltr'><strong>restituere</strong></span> <span class='ocrx_word' id='word_1_248' title='bbox 770 2086 852 2115; x_wconf 90' lang='lat' dir='ltr'><strong>non</strong></span> <span class='ocrx_word' id='word_1_249' title='bbox 886 2073 1045 2130; x_wconf 76' lang='lat' dir='ltr'><strong>potest3</strong></span> <span class='ocrx_word' id='word_1_250' title='bbox 1080 2074 1225 2129; x_wconf 89' lang='lat' dir='ltr'><strong>quippe</strong></span> <span class='ocrx_word' id='word_1_251' title='bbox 1256 2086 1369 2127; x_wconf 84' lang='lat' dir='ltr'><strong>quam</strong></span> <span class='ocrx_word' id='word_1_252' title='bbox 1397 2073 1475 2126; x_wconf 89' lang='lat' dir='ltr'><strong>pri-</strong></span> 
     </span>
     <span class='ocr_line' id='line_1_30' title="bbox 1361 2148 1475 2177; baseline -0.009 0"><span class='ocrx_word' id='word_1_253' title='bbox 1361 2148 1475 2177; x_wconf 85' lang='lat' dir='ltr'><strong>mum</strong></span> 
     </span>
    </p>
   </div>
  </div>
 </body>
</html>
