1820 2506
153 183 198 230 A
206 179 489 228 PRINCIPIO
513 179 720 225 MOTVS
731 177 990 224 1NTERNO
1001 177 1230 223 PROPEL.
1249 182 1331 232 εἰς’.
1372 193 1458 234 107

151 313 233 343 non
274 298 386 356 poffe
425 308 581 341 motum
622 299 750 341 induci
788 312 810 342 a
841 299 913 353 vi,
947 311 1042 353 quae
1076 308 1158 340 tota
1191 300 1289 340 intra
1319 313 1458 342 nauem

150 364 300 406 existat.
367 365 625 422 Quantumuis
671 364 811 406 scilicet
849 363 1029 405 homines
1068 363 1211 404 aliaeue
1257 363 1461 405 machinae

149 429 191 470 in
224 429 311 470 naui
345 430 568 470 constitutae
600 429 763 471 eandem
798 427 1016 484 propellere
1050 429 1297 481 annituntur,
1331 438 1462 469 tamen

150 493 237 548 quia
269 493 414 534 reactio
455 493 600 534 astioni
633 503 825 549 perpetuo
865 493 920 533 est
952 492 1115 547 aequalis
1133 526 1143 545 ,
1177 502 1217 533 et
1249 502 1410 546 vtraque
1441 505 1463 533 a

149 557 239 598 naui
290 569 407 612 aeque
454 556 652 598 sustinetur
667 591 679 610 ,
730 557 879 598 nullum
919 557 1008 597 inde
1048 566 1203 598 motum
1234 557 1461 611 adipiscitur.

149 621 255 663 Hinc
287 632 426 661 omnes
457 632 596 660 eorum
614 652 626 672 ,
660 620 726 674 qui
759 621 800 660 in
831 621 919 660 naui
957 620 1153 661 versantur
1170 654 1182 675 ‚
1225 630 1383 662 conatus
1417 621 1463 661 ad

148 697 288 726 nauem
328 684 640 739 promouendam
679 684 763 724 sunt
802 684 928 736 irriti,
970 684 1039 725 nifi
1080 685 1154 725 sese
1194 686 1317 727 littori
1349 685 1462 726 aliiue

149 748 308 804 corpori
338 757 449 788 extra
479 760 618 789 nauem
652 747 725 789 sito
759 749 953 803 applicare
987 758 1142 803 queant.

296 812 330 861 ξ.
346 823 368 860 3
379 844 386 851 .
404 813 515 853 Hanc
523 813 728 854 veritatem
736 811 980 854 Bernoullius
987 814 1149 854 minime
1159 814 1365 867 ignoravit,
1375 826 1461 854 eam

147 887 245 918 vero
263 888 345 918 non
363 877 410 917 ad
419 878 546 918 omnis
555 878 705 930 generis
722 878 823 918 vires
831 886 965 931 patere
974 877 1226 928 existimauit,
1245 878 1307 917 sed
1316 879 1465 930 putauit

146 952 233 980 eam
251 941 297 981 ad
314 940 393 981 illas
407 950 555 982 tantum
573 941 696 992 vires,
713 954 809 994 quae
832 941 950 994 vulgo
967 950 1142 981 mortuae
1161 941 1294 980 vocari
1311 940 1433 981 solent
1450 974 1461 994 ‚

145 1004 317 1057 restringi
335 1013 536 1059 oportere,
556 1017 651 1058 quae
668 1004 755 1045 solis
778 1004 1028 1058 preffionibus
1054 1004 1347 1058 contineantur;
1367 1005 1460 1045 alte-

145 1081 232 1110 rum
248 1078 377 1109 autem
394 1070 537 1109 virium
545 1081 662 1123 genus
670 1082 765 1123 quae
781 1069 891 1108 viuae
908 1068 1147 1122 appellentur
1161 1077 1273 1122 atque
1283 1082 1303 1109 a
1311 1069 1463 1123 percus-

146 1145 223 1174 one
239 1133 427 1185 oriantur,
444 1133 490 1174 ab
504 1132 576 1173 hac
594 1133 681 1186 lege
698 1131 775 1173 esse
791 1133 1080 1186 excipiendum.
1107 1133 1210 1173 Hinc
1221 1145 1299 1172 non
1309 1133 1465 1187 dubitat,

146 1197 239 1250 quin
266 1196 306 1235 in
332 1197 420 1236 naui
445 1197 633 1237 eiusmodi
656 1196 754 1238 ic‘tus
777 1205 816 1237 et
839 1195 1096 1250 percuffiones
1120 1195 1223 1236 effici
1239 1206 1380 1250 queant
1397 1230 1408 1249 ,
1443 1210 1465 1238 a

147 1273 306 1314 quarum
336 1259 485 1313 impetu
518 1261 606 1300 naui
638 1270 767 1302 motus
807 1261 1017 1300 inducatur.
1084 1261 1196 1316 Quae
1229 1261 1367 1313 opinio
1387 1295 1398 1313 ‚
1437 1261 1466 1302 fi

147 1325 193 1364 ad
224 1333 400 1364 mentem
439 1323 713 1379 plerorumque
745 1325 1005 1365 recentiorum
1039 1323 1384 1377 philosophorum,
1403 1325 1468 1378 qui

149 1388 250 1428 inter
280 1388 382 1427 vires
414 1388 520 1427 viuas
551 1397 591 1427 et
623 1397 794 1428 mortuas
825 1387 1018 1428 summum
1057 1387 1257 1428 discrimen
1292 1388 1467 1441 statuunt,

148 1451 368 1505 explicetur
388 1482 399 1502 ‚
440 1450 657 1492 firmissimo
697 1451 950 1492 fundamento
990 1452 1102 1492 inniti
1136 1452 1340 1506 videatur3
1377 1466 1467 1494 cum

148 1525 275 1556 autem
310 1512 555 1556 ostendjffem
589 1515 667 1556 hoc
701 1516 901 1556 discrimen
935 1517 1045 1556 omni
1077 1516 1329 1557 fundamento
1362 1530 1468 1557 care-

149 1592 218 1632 re,
254 1579 426 1633 nihilque
457 1592 529 1634 per
546 1580 648 1620 vires
665 1579 773 1620 viuas
806 1578 909 1621 effici
940 1577 1080 1634 posse,
1115 1581 1220 1634 quod
1254 1593 1334 1620 non
1361 1581 1467 1622 idem

150 1643 293 1684 viribus
325 1644 487 1684 mortuis
519 1644 698 1698 praestari
730 1654 841 1699 queat
859 1677 870 1696 ,
903 1645 1079 1685 maxime
1113 1646 1186 1685 erit
1219 1645 1433 1685 verendum
1453 1678 1464 1698 ‚

151 1719 201 1747 ne
240 1708 367 1748 omnis
408 1717 538 1748 motus
555 1741 566 1760 ‚
610 1721 731 1763 quem
774 1707 1016 1749 Bernoullius
1059 1721 1137 1763 ope
1176 1708 1465 1764 percussionum

152 1772 307 1812 nauibus
337 1772 562 1826 imprimere
595 1783 755 1814 conatur
772 1806 783 1826 ,
818 1773 1026 1813 euanescat.

290 1835 324 1884 §.
345 1850 387 1886 4.
424 1835 609 1877 Machina
641 1847 769 1879 autem
788 1870 799 1890 ,
833 1850 948 1892 quam
984 1837 1062 1878 Iac.
1091 1835 1291 1878 Bernoulli
1306 1838 1345 1878 in
1362 1838 1464 1880 hunc

156 1897 276 1939 finem
308 1901 507 1954 proposuit
525 1933 536 1952 ,
570 1901 620 1940 ita
651 1901 686 1941 se
720 1902 862 1942 habet:
898 1903 940 1942 in
972 1902 1058 1943 naui
1092 1900 1247 1944 DEFG
1289 1904 1466 1944 constitui

155 1963 259 2003 iubet
320 1963 526 2006 tabulatum
584 1964 745 2006 firmum
793 1965 866 2005 AF
917 1966 957 2005 in
1008 1966 1079 2007 s1tu
1127 1967 1174 2007 ad
1215 1965 1468 2008 horizontem

157 2027 490 2080 perpendiculari,
531 2030 636 2083 quod
677 2030 721 2070 fit
762 2027 932 2082 perfecte
974 2028 1166 2070 elasticum
1209 2039 1301 2083 puta
1333 2031 1468 2083 chaly-

156 2090 273 2131 beum
313 2099 376 2131 aut
415 2092 651 2134 reticulatum
670 2127 681 2146 ‚
723 2105 774 2133 eo
815 2093 946 2134 saltem
988 2093 1029 2134 in
1063 2094 1154 2134 loco
1194 2092 1229 2134 C
1262 2094 1330 2134 vbi
1371 2096 1469 2136 ic‘tus

762 2157 802 2198 O
836 2169 860 2195 2
1313 2160 1464 2215 recipit.

1492 1854 1562 1884 Tab.
1588 1857 1637 1889 lv.

1509 1896 1559 1936 fig.
1594 1909 1622 1929 1.
