1820 2506
368 201 451 244 DE
491 196 666 242 MOTV
697 197 1003 243 NODORVM
1033 198 1233 242 LVNAE
1362 215 1450 255 41³

143 319 405 374 consequentia
422 352 432 370 ,
465 317 557 358 hinc
587 316 774 359 efficietur
804 328 934 359 motus
967 317 1162 357 nodorum
1195 319 1456 372 retrogradus,

139 384 187 425 ad
218 397 333 438 quem
371 391 540 423 accurate
579 382 843 423 definiendum
888 380 1037 422 necesse
1068 381 1121 421 est
1140 413 1151 433 ‚
1187 390 1232 422 vt
1264 383 1461 435 aequatio-

138 449 196 489 nis
228 447 335 500 supra
367 446 542 486 inuentae
576 446 756 500 integrale
804 446 1105 500 inuestigemus,
1140 444 1218 486 hoc
1254 449 1361 486 enim
1399 458 1460 486 re-

140 521 253 566 perto
308 511 416 551 fiicile
466 511 541 550 erit
583 511 631 551 ad
671 511 832 564 quoduis
871 520 1023 565 tempus
1065 509 1299 563 positionem
1332 510 1456 550 lineae

138 576 333 616 nodorum
375 574 567 627 affignare.
635 575 750 616 Hunc
791 576 830 615 in
864 574 984 615 finem
1018 583 1097 614 tam
1131 584 1284 615 motum
1317 586 1456 614 verum

135 638 221 680 solis
252 651 367 692 quam
399 637 508 678 lunae
540 638 580 678 in
612 638 801 679 calculum
835 639 1025 679 introduci
1066 647 1236 691 oportet.
1304 637 1364 679 Sit
1397 651 1458 678 er-

135 714 188 757 go
221 701 391 742 distantia
420 702 547 742 med1a
579 700 668 742 solis
699 715 720 742 a
752 712 850 743 terra
882 716 938 743 :z
956 716 984 744 a
1003 734 1014 753 ,
1047 702 1317 743 excentricitas
1334 715 1391 741 z
1410 714 1454 755 n,

133 775 174 807 et
222 775 400 820 tempore
449 766 652 820 propofito
704 766 894 807 anomalia
935 766 1157 807 excentrica
1199 765 1285 806 solis
1325 779 1379 806 Ξ
1399 780 1453 822 ς;

133 830 317 884 quoniam
350 829 506 884 angulus
549 844 576 870 ω
613 830 719 884 supra
760 831 807 870 ad
841 840 999 871 motum
1032 828 1121 869 solis
1153 831 1324 870 medium
1359 830 1455 871 defi-

130 893 324 946 gnandum
358 894 410 933 est
440 891 624 934 affumtus
642 926 653 945 ,
687 894 758 934 erit
789 895 919 946 primo
952 895 1005 949 dg
1033 892 1081 947 (1
1099 892 1451 949 —-ncos.3):dm

130 957 295 1011 ideoque
328 956 379 1013 d?
400 970 456 996 Ξ
474 957 537 997 dm
558 955 571 1011 (
588 969 606 994 1
632 965 696 1002 -ὶ-
716 969 740 996 n
758 956 831 996 cof.
852 971 872 1012 ξ
894 955 906 1011 )
940 956 1122 1007 neglectis
1154 957 1328 994 terminis
1346 987 1356 1008 ,
1409 957 1452 995 in

128 1020 261 1073 quibus
300 1020 435 1061 fraeno
475 1032 499 1061 n
541 1018 667 1073 plures
704 1019 853 1060 obtinet
885 1018 1138 1060 dimensiones
1156 1051 1167 1071 ,
1202 1031 1325 1072 porro
1357 1032 1450 1062 curn

126 1083 170 1124 fit
203 1083 390 1124 anomalia
421 1097 515 1125 vera
547 1084 731 1136 proxime
763 1097 818 1121 z
837 1098 857 1138 ξ
876 1091 979 1128 ÷n
996 1083 1063 1124 fin.
1085 1097 1105 1138 ς
1137 1083 1212 1122 erit
1244 1083 1300 1124 dr
1319 1097 1375 1123 z
1394 1084 1448 1140 dg

125 1147 182 1194 (1
208 1154 273 1194 —4-
292 1160 315 1187 η
334 1146 409 1187 cos
430 1145 484 1202 ξ)
520 1146 682 1199 ideoque
716 1146 773 1185 dr
791 1159 845 1185 Ξ
864 1147 1066 1193 dm(1—÷-
1084 1157 1141 1184 272
1160 1146 1233 1185 cos.
1257 1145 1298 1201 ξ)
1332 1156 1447 1200 atque

112 1209 152 1265 s
162 1223 218 1248 :z
237 1221 262 1250 a
283 1207 328 1264 (1
359 1233 391 1241 -
409 1221 433 1249 n
451 1209 525 1249 cos.
548 1224 568 1265 ς
588 1207 616 1264 )
683 1208 838 1250 Deinde
869 1210 1040 1263 quamuis
1074 1218 1204 1248 motus
1234 1208 1347 1250 lunae
1364 1222 1446 1250 non

124 1272 168 1314 sit
199 1273 297 1313 adeo
331 1282 453 1313 certus
471 1306 482 1325 ‚
516 1285 709 1326 ponamus
742 1285 828 1313 eam
862 1273 902 1313 in
922 1273 1044 1327 ellipfi
1079 1271 1323 1313 vniibrmiter
1356 1284 1449 1313 mo·

124 1335 191 1378 bili
223 1337 323 1377 circa
354 1346 494 1379 terram
527 1336 644 1389 ferri,
686 1337 934 1391 discrepantia
966 1338 1073 1377 enim
1107 1335 1216 1376 huius
1248 1335 1447 1391 hypothe-

121 1399 165 1440 fis
197 1413 219 1440 a
254 1402 411 1441 veritate
444 1402 484 1441 in
517 1400 701 1454 praesenit
734 1401 892 1454 negotio
926 1414 1006 1442 non
1041 1399 1108 1440 nifi
1154 1401 1370 1441 minimum
1403 1410 1446 1442 et

120 1465 269 1517 prorsus
299 1464 550 1504 insensibilem
593 1477 762 1505 errorem
794 1478 927 1518 parere
959 1465 1098 1520 potest.
1166 1463 1225 1505 Sit
1259 1477 1351 1517 ergo
1385 1465 1444 1506 di-

120 1527 251 1567 stantia
292 1527 402 1568 lunae
441 1541 464 1567 a
503 1537 602 1568 terra
642 1529 771 1569 media
812 1541 867 1569 z
892 1543 948 1582 ας
996 1529 1262 1569 excentricitas
1302 1542 1411 1569 :m
1430 1560 1442 1580 ,

118 1590 310 1631 anomalia
343 1591 564 1631 excentrica
582 1604 637 1630 z
657 1587 681 1642 ξ
702 1625 712 1643 ,
744 1600 786 1630 et
820 1591 990 1632 distantia
1023 1603 1116 1631 vera
1149 1604 1170 1631 a
1203 1600 1301 1631 terra
1320 1605 1375 1630 Ξ
1394 1605 1439 1646 v3

116 1654 158 1696 fit
191 1667 312 1709 porro
346 1663 475 1696 motus
508 1655 652 1696 medius
693 1654 803 1696 lunae
843 1656 889 1696 ad
923 1664 1076 1696 motum
1110 1655 1282 1694 medium
1316 1664 1439 1696 terrae

115 1717 177 1758 seu
209 1718 297 1758 solis
329 1727 374 1758 vt
406 1722 432 1758 λ
465 1719 513 1759 ad
552 1731 570 1757 1
597 1752 608 1771 ,
648 1720 720 1759 erit
751 1719 811 1759 vti
845 1731 896 1759 ex
930 1718 1250 1760 obseruationibus
1289 1719 1438 1760 constat

116 1784 141 1821 λ
160 1796 212 1822 Ξ
236 1793 310 1831 13,
333 1785 466 1829 3685.
534 1783 637 1823 Hinc
671 1783 814 1823 orietur
846 1778 972 1837 d}(1
997 1796 1076 1823 -m
1095 1778 1234 1836 cosg)
1257 1784 1435 1824 Ξλιίω

116 1843 276 1898 ideoque
318 1844 346 1883 d
360 1838 384 1891 Ξ
403 1857 458 1882 Ξ
476 1848 502 1884 λ
517 1845 546 1885 d
559 1843 613 1899 ω(
625 1857 642 1882 1
668 1854 733 1892 -ἦ-
751 1860 787 1887 m
805 1847 878 1887 cos
892 1844 938 1902 Ξ)
958 1880 968 1899 ‚
1003 1856 1041 1887 et
1057 1846 1251 1886 anomalia
1269 1858 1360 1886 vera
1380 1860 1436 1887 z

119 1902 144 1957 Ξ
165 1915 229 1953 -ἢ-
249 1920 284 1948 m
302 1906 367 1947 fin.
391 1903 414 1958 Ξξ
438 1921 449 1961 ;
485 1908 587 1949 vnde
620 1908 648 1949 fi
666 1918 794 1950 motus
832 1911 1001 1952 abfidum
1045 1910 1220 1952 medium
1255 1909 1434 1952 statuatur

117 1970 165 2010 ad
197 1980 350 2011 motum
383 1972 556 2012 medium
588 1971 673 2013 solis
702 1982 747 2013 vt
779 1986 807 2014 x
837 1975 883 2015 ad
921 1988 939 2014 1
966 2008 977 2027 ‚
1010 1975 1078 2015 vbi
1110 1987 1163 2014 ex
1190 1983 1303 2014 motu
1334 1988 1433 2028 apo-

115 2034 197 2086 gaei
241 2035 372 2073 medio
415 2035 460 2075 fit
491 2049 662 2089 x---o⁷
689 2041 900 2090 112996,
942 2039 1046 2079 cuius
1093 2048 1223 2078 motus
1261 2039 1288 2079 fi
1331 2041 1432 2080 ratio

114 2096 294 2138 habeatur
313 2130 323 2150 ,
358 2098 423 2138 fiet
456 2099 590 2155 dq:
608 2102 709 2142 λιίω
730 2109 795 2147 -ξ-
818 2115 840 2140 2
863 2100 914 2158 (λ
932 2127 970 2135 --
988 2106 1039 2155 x>
1058 2101 1164 2144 mdo)
1183 2098 1303 2154 cosi.
1358 2103 1432 2144 His

697 2165 728 2207 F
746 2164 797 2207 ff
815 2177 839 2215 3
1337 2177 1431 2219 ergo
