<?xml version="1.0" encoding="UTF-8"?>
<!DOCTYPE html PUBLIC "-//W3C//DTD XHTML 1.0 Transitional//EN"
    "http://www.w3.org/TR/xhtml1/DTD/xhtml1-transitional.dtd">
<html xmlns="http://www.w3.org/1999/xhtml" xml:lang="en" lang="en">
 <head>
  <title>
</title>
<meta http-equiv="Content-Type" content="text/html;charset=utf-8" />
  <meta name='ocr-system' content='tesseract 3.04.00' />
  <meta name='ocr-capabilities' content='ocr_page ocr_carea ocr_par ocr_line ocrx_word'/>
</head>
<body>
  <div class='ocr_page' id='page_1' title='image "./novicommentariac01impe_0558.png"; bbox 0 0 1820 2506; ppageno 0'>
   <div class='ocr_carea' id='block_1_1' title="bbox 350 215 1463 273">
    <p class='ocr_par' dir='ltr' id='par_1_1' title="bbox 350 215 1463 273">
     <span class='ocr_line' id='line_1_1' title="bbox 350 215 1463 273; baseline -0.004 -9"><span class='ocrx_word' id='word_1_1' title='bbox 350 230 404 273; x_wconf 81' lang='lat'>45</span> <span class='ocrx_word' id='word_1_2' title='bbox 418 225 440 264; x_wconf 85' lang='lat'>8</span> <span class='ocrx_word' id='word_1_3' title='bbox 595 218 681 261; x_wconf 87' lang='lat' dir='ltr'>DE</span> <span class='ocrx_word' id='word_1_4' title='bbox 715 215 1134 263; x_wconf 83' lang='lat' dir='ltr'><em>ABERRATIONE</em></span> <span class='ocrx_word' id='word_1_5' title='bbox 1174 216 1214 260; x_wconf 85' lang='lat' dir='ltr'>F</span> <span class='ocrx_word' id='word_1_6' title='bbox 1215 218 1233 259; x_wconf 95' lang='grc'><strong><em>1</em></strong></span> <span class='ocrx_word' id='word_1_7' title='bbox 1239 218 1289 262; x_wconf 82' lang='grc' dir='ltr'><em>Χ</em></span> <span class='ocrx_word' id='word_1_8' title='bbox 1290 218 1409 263; x_wconf 87' lang='lat' dir='ltr'>ARV</span> <span class='ocrx_word' id='word_1_9' title='bbox 1407 217 1463 260; x_wconf 87' lang='lat' dir='ltr'><em>M</em></span> 
     </span>
    </p>
   </div>
   <div class='ocr_carea' id='block_1_2' title="bbox 359 334 1688 1666">
    <p class='ocr_par' dir='ltr' id='par_1_2' title="bbox 465 334 1681 775">
     <span class='ocr_line' id='line_1_2' title="bbox 466 334 1670 391; baseline 0.001 -15"><span class='ocrx_word' id='word_1_10' title='bbox 466 340 554 376; x_wconf 78' lang='lat'><strong>60⁰.</strong></span> <span class='ocrx_word' id='word_1_11' title='bbox 590 336 662 376; x_wconf 75' lang='lat' dir='ltr'>fine</span> <span class='ocrx_word' id='word_1_12' title='bbox 703 350 777 391; x_wconf 90' lang='lat' dir='ltr'>pro</span> <span class='ocrx_word' id='word_1_13' title='bbox 823 335 967 377; x_wconf 86' lang='lat' dir='ltr'>duobus</span> <span class='ocrx_word' id='word_1_14' title='bbox 1009 336 1117 389; x_wconf 75' lang='lat' dir='ltr'>signis</span> <span class='ocrx_word' id='word_1_15' title='bbox 1157 343 1246 376; x_wconf 83' lang='lat' dir='ltr'>ante</span> <span class='ocrx_word' id='word_1_16' title='bbox 1284 335 1347 376; x_wconf 81' lang='lat' dir='ltr'>vel</span> <span class='ocrx_word' id='word_1_17' title='bbox 1388 336 1474 391; x_wconf 91' lang='lat' dir='ltr'>post</span> <span class='ocrx_word' id='word_1_18' title='bbox 1514 334 1670 391; x_wconf 63' lang='lat' dir='ltr'>syzigiaz</span> 
     </span>
     <span class='ocr_line' id='line_1_3' title="bbox 465 400 1106 455; baseline 0 -14"><span class='ocrx_word' id='word_1_19' title='bbox 465 400 686 442; x_wconf 80' lang='lat' dir='ltr'>adlubeatur</span> <span class='ocrx_word' id='word_1_20' title='bbox 717 402 874 455; x_wconf 85' lang='lat' dir='ltr'>sequens</span> <span class='ocrx_word' id='word_1_21' title='bbox 906 400 1106 455; x_wconf 78' lang='lat' dir='ltr'>analogia:</span> 
     </span>
     <span class='ocr_line' id='line_1_4' title="bbox 659 465 903 506; baseline -0.008 0"><span class='ocrx_word' id='word_1_22' title='bbox 659 465 716 506; x_wconf 89' lang='lat' dir='ltr'>Vt</span> <span class='ocrx_word' id='word_1_23' title='bbox 746 465 903 506; x_wconf 73' lang='lat' dir='ltr'><em>radius:</em></span> 
     </span>
     <span class='ocr_line' id='line_1_5' title="bbox 657 528 1010 584; baseline -0.008 -15"><span class='ocrx_word' id='word_1_24' title='bbox 657 528 728 570; x_wconf 89' lang='lat' dir='ltr'>Ad</span> <span class='ocrx_word' id='word_1_25' title='bbox 741 529 864 584; x_wconf 83' lang='lat' dir='ltr'>finum</span> <span class='ocrx_word' id='word_1_26' title='bbox 896 531 925 567; x_wconf 93' lang='lat'>6</span> <span class='ocrx_word' id='word_1_27' title='bbox 928 534 972 566; x_wconf 84' lang='lat'>00</span> <span class='ocrx_word' id='word_1_28' title='bbox 998 541 1010 582; x_wconf 76' lang='lat'><em>3</em></span> 
     </span>
     <span class='ocr_line' id='line_1_6' title="bbox 661 584 1681 648; baseline -0.001 -13"><span class='ocrx_word' id='word_1_29' title='bbox 661 593 729 636; x_wconf 75' lang='lat' dir='ltr'>Ita</span> <span class='ocrx_word' id='word_1_30' title='bbox 772 592 961 634; x_wconf 74' lang='lat' dir='ltr'><em>aberratio</em></span> <span class='ocrx_word' id='word_1_31' title='bbox 1005 584 1170 635; x_wconf 80' lang='lat' dir='ltr'><em>maxima</em></span> <span class='ocrx_word' id='word_1_32' title='bbox 1201 599 1275 648; x_wconf 83' lang='lat' dir='ltr'>pro</span> <span class='ocrx_word' id='word_1_33' title='bbox 1313 590 1507 635; x_wconf 85' lang='lat' dir='ltr'>latitudine</span> <span class='ocrx_word' id='word_1_34' title='bbox 1550 592 1681 634; x_wconf 73' lang='lat' dir='ltr'>deter-</span> 
     </span>
     <span class='ocr_line' id='line_1_7' title="bbox 770 658 944 697; baseline -0.006 0"><span class='ocrx_word' id='word_1_35' title='bbox 770 658 914 697; x_wconf 81' lang='lat' dir='ltr'><em>minata</em></span> <span class='ocrx_word' id='word_1_36' title='bbox 936 671 944 696; x_wconf 75' lang='grc' dir='ltr'><strong><em>ε</em></strong></span> 
     </span>
     <span class='ocr_line' id='line_1_8' title="bbox 661 715 1342 775; baseline -0.001 -13"><span class='ocrx_word' id='word_1_37' title='bbox 661 720 728 763; x_wconf 89' lang='lat' dir='ltr'>Ad</span> <span class='ocrx_word' id='word_1_38' title='bbox 757 721 1024 762; x_wconf 66' lang='lat' dir='ltr'>aberratmnem</span> <span class='ocrx_word' id='word_1_39' title='bbox 1065 715 1342 775; x_wconf 66' lang='lat' dir='ltr'>respondentem.</span> 
     </span>
    </p>

    <p class='ocr_par' dir='ltr' id='par_1_3' title="bbox 359 781 1680 965">
     <span class='ocr_line' id='line_1_9' title="bbox 474 781 1677 838; baseline -0.002 -13"><span class='ocrx_word' id='word_1_40' title='bbox 474 785 560 826; x_wconf 82' lang='lat' dir='ltr'>Hae</span> <span class='ocrx_word' id='word_1_41' title='bbox 593 784 847 826; x_wconf 80' lang='lat' dir='ltr'>aberrationes</span> <span class='ocrx_word' id='word_1_42' title='bbox 881 786 1007 838; x_wconf 85' lang='lat' dir='ltr'>itaque</span> <span class='ocrx_word' id='word_1_43' title='bbox 1057 797 1130 838; x_wconf 83' lang='lat' dir='ltr'>pro</span> <span class='ocrx_word' id='word_1_44' title='bbox 1170 785 1318 838; x_wconf 85' lang='lat' dir='ltr'>fingulis</span> <span class='ocrx_word' id='word_1_45' title='bbox 1350 784 1459 838; x_wconf 83' lang='lat' dir='ltr'>fignis</span> <span class='ocrx_word' id='word_1_46' title='bbox 1492 781 1677 826; x_wconf 85' lang='lat' dir='ltr'>determi-</span> 
     </span>
     <span class='ocr_line' id='line_1_10' title="bbox 359 847 1680 903; baseline -0.003 -13"><span class='ocrx_word' id='word_1_47' title='bbox 359 857 468 891; x_wconf 85' lang='lat' dir='ltr'>natae</span> <span class='ocrx_word' id='word_1_48' title='bbox 499 858 607 889; x_wconf 88' lang='lat' dir='ltr'>erunt</span> <span class='ocrx_word' id='word_1_49' title='bbox 626 882 637 901; x_wconf 84' lang='lat'>,</span> <span class='ocrx_word' id='word_1_50' title='bbox 680 848 813 903; x_wconf 86' lang='lat' dir='ltr'>quibus</span> <span class='ocrx_word' id='word_1_51' title='bbox 846 848 1075 888; x_wconf 85' lang='lat' dir='ltr'>conueniens</span> <span class='ocrx_word' id='word_1_52' title='bbox 1114 848 1192 888; x_wconf 85' lang='lat' dir='ltr'>dies</span> <span class='ocrx_word' id='word_1_53' title='bbox 1222 847 1358 888; x_wconf 89' lang='lat' dir='ltr'>menfis</span> <span class='ocrx_word' id='word_1_54' title='bbox 1400 860 1454 889; x_wconf 84' lang='lat' dir='ltr'>ex</span> <span class='ocrx_word' id='word_1_55' title='bbox 1491 848 1680 902; x_wconf 87' lang='lat' dir='ltr'>epheme-</span> 
     </span>
     <span class='ocr_line' id='line_1_11' title="bbox 359 913 1248 965; baseline -0.004 -11"><span class='ocrx_word' id='word_1_56' title='bbox 359 914 502 955; x_wconf 79' lang='lat' dir='ltr'>ridibus</span> <span class='ocrx_word' id='word_1_57' title='bbox 533 913 639 952; x_wconf 63' lang='lat' dir='ltr'>fizcile</span> <span class='ocrx_word' id='word_1_58' title='bbox 670 913 837 964; x_wconf 80' lang='lat' dir='ltr'>adaptari</span> <span class='ocrx_word' id='word_1_59' title='bbox 872 913 1013 964; x_wconf 87' lang='lat' dir='ltr'>poterit</span> <span class='ocrx_word' id='word_1_60' title='bbox 1031 943 1042 962; x_wconf 86' lang='lat'>,</span> <span class='ocrx_word' id='word_1_61' title='bbox 1077 923 1248 965; x_wconf 86' lang='lat' dir='ltr'><strong>nempe:</strong></span> 
     </span>
    </p>

    <p class='ocr_par' dir='ltr' id='par_1_4' title="bbox 474 973 1679 1028">
     <span class='ocr_line' id='line_1_12' title="bbox 474 973 1679 1028; baseline -0.002 -13"><span class='ocrx_word' id='word_1_62' title='bbox 474 975 679 1016; x_wconf 81' lang='lat' dir='ltr'>Mediante</span> <span class='ocrx_word' id='word_1_63' title='bbox 709 974 1011 1026; x_wconf 82' lang='lat' dir='ltr'>interpolatione</span> <span class='ocrx_word' id='word_1_64' title='bbox 1046 973 1208 1026; x_wconf 86' lang='lat' dir='ltr'>fimplici</span> <span class='ocrx_word' id='word_1_65' title='bbox 1242 973 1315 1013; x_wconf 80' lang='lat' dir='ltr'>hae</span> <span class='ocrx_word' id='word_1_66' title='bbox 1334 974 1587 1015; x_wconf 80' lang='lat' dir='ltr'>aberrationes</span> <span class='ocrx_word' id='word_1_67' title='bbox 1609 984 1679 1028; x_wconf 86' lang='lat' dir='ltr'>pet</span> 
     </span>
    </p>

    <p class='ocr_par' dir='ltr' id='par_1_5' title="bbox 475 1036 1684 1091">
     <span class='ocr_line' id='line_1_13' title="bbox 475 1036 1684 1091; baseline -0.002 -13"><span class='ocrx_word' id='word_1_68' title='bbox 475 1038 636 1091; x_wconf 83' lang='lat' dir='ltr'>spatium</span> <span class='ocrx_word' id='word_1_69' title='bbox 676 1048 746 1085; x_wconf 81' lang='lat'>30.</span> <span class='ocrx_word' id='word_1_70' title='bbox 791 1037 866 1077; x_wconf 89' lang='lat' dir='ltr'>fiue</span> <span class='ocrx_word' id='word_1_71' title='bbox 903 1047 973 1083; x_wconf 84' lang='lat'>31.</span> <span class='ocrx_word' id='word_1_72' title='bbox 1008 1036 1156 1077; x_wconf 80' lang='lat' dir='ltr'>dierum</span> <span class='ocrx_word' id='word_1_73' title='bbox 1189 1038 1391 1090; x_wconf 82' lang='lat' dir='ltr'>aequaliter</span> <span class='ocrx_word' id='word_1_74' title='bbox 1409 1039 1588 1088; x_wconf 76' lang='lat' dir='ltr'>distribui,</span> <span class='ocrx_word' id='word_1_75' title='bbox 1621 1046 1684 1075; x_wconf 81' lang='lat' dir='ltr'>aut</span> 
     </span>
    </p>

    <p class='ocr_par' dir='ltr' id='par_1_6' title="bbox 417 1095 1678 1214">
     <span class='ocr_line' id='line_1_14' title="bbox 417 1095 1678 1154; baseline 0.002 -15"><span class='ocrx_word' id='word_1_76' title='bbox 417 1095 421 1100; x_wconf 76' lang='grc'><em>’</em></span> <span class='ocrx_word' id='word_1_77' title='bbox 475 1113 547 1154; x_wconf 88' lang='lat' dir='ltr'>per</span> <span class='ocrx_word' id='word_1_78' title='bbox 579 1111 619 1147; x_wconf 82' lang='lat'>3.</span> <span class='ocrx_word' id='word_1_79' title='bbox 656 1110 777 1152; x_wconf 79' lang='lat' dir='ltr'>partes</span> <span class='ocrx_word' id='word_1_80' title='bbox 809 1099 944 1138; x_wconf 86' lang='lat' dir='ltr'>menfis</span> <span class='ocrx_word' id='word_1_81' title='bbox 983 1110 1018 1137; x_wconf 90' lang='lat' dir='ltr'>e.</span> <span class='ocrx_word' id='word_1_82' title='bbox 1055 1110 1092 1150; x_wconf 87' lang='lat' dir='ltr'>g.</span> <span class='ocrx_word' id='word_1_83' title='bbox 1131 1111 1205 1150; x_wconf 90' lang='lat' dir='ltr'>pro</span> <span class='ocrx_word' id='word_1_84' title='bbox 1242 1111 1279 1137; x_wconf 93' lang='lat'>1.</span> <span class='ocrx_word' id='word_1_85' title='bbox 1320 1112 1387 1137; x_wconf 91' lang='lat'>11.</span> <span class='ocrx_word' id='word_1_86' title='bbox 1424 1115 1494 1140; x_wconf 90' lang='lat'>21.</span> <span class='ocrx_word' id='word_1_87' title='bbox 1530 1110 1570 1141; x_wconf 90' lang='lat' dir='ltr'>et</span> <span class='ocrx_word' id='word_1_88' title='bbox 1606 1110 1678 1147; x_wconf 81' lang='lat'>31-</span> 
     </span>
     <span class='ocr_line' id='line_1_15' title="bbox 475 1158 1180 1214; baseline -0.003 -12"><span class='ocrx_word' id='word_1_89' title='bbox 475 1162 538 1202; x_wconf 87' lang='lat' dir='ltr'>die</span> <span class='ocrx_word' id='word_1_90' title='bbox 570 1161 707 1202; x_wconf 86' lang='lat' dir='ltr'>menfis</span> <span class='ocrx_word' id='word_1_91' title='bbox 738 1161 982 1201; x_wconf 86' lang='lat' dir='ltr'>determinari</span> <span class='ocrx_word' id='word_1_92' title='bbox 1013 1158 1180 1214; x_wconf 89' lang='lat' dir='ltr'>poffunt.</span> 
     </span>
    </p>

    <p class='ocr_par' dir='ltr' id='par_1_7' title="bbox 364 1224 1686 1344">
     <span class='ocr_line' id='line_1_16' title="bbox 476 1224 1686 1281; baseline 0 -16"><span class='ocrx_word' id='word_1_93' title='bbox 476 1225 557 1281; x_wconf 81' lang='lat' dir='ltr'>Qui</span> <span class='ocrx_word' id='word_1_94' title='bbox 590 1234 719 1265; x_wconf 81' lang='lat' dir='ltr'>autem</span> <span class='ocrx_word' id='word_1_95' title='bbox 753 1225 945 1265; x_wconf 81' lang='lat' dir='ltr'>summam</span> <span class='ocrx_word' id='word_1_96' title='bbox 979 1224 1159 1265; x_wconf 73' lang='lat' dir='ltr'>desiderat</span> <span class='ocrx_word' id='word_1_97' title='bbox 1190 1225 1465 1278; x_wconf 80' lang='lat' dir='ltr'>praecifionern</span> <span class='ocrx_word' id='word_1_98' title='bbox 1489 1224 1563 1267; x_wconf 84' lang='lat' dir='ltr'>fiue</span> <span class='ocrx_word' id='word_1_99' title='bbox 1589 1235 1686 1266; x_wconf 80' lang='lat' dir='ltr'>exa·</span> 
     </span>
     <span class='ocr_line' id='line_1_17' title="bbox 364 1288 1424 1344; baseline -0.005 -9"><span class='ocrx_word' id='word_1_100' title='bbox 364 1288 589 1335; x_wconf 79' lang='lat' dir='ltr'>Ctitudinem</span> <span class='ocrx_word' id='word_1_101' title='bbox 622 1288 688 1331; x_wconf 85' lang='lat' dir='ltr'>ille</span> <span class='ocrx_word' id='word_1_102' title='bbox 723 1288 897 1330; x_wconf 78' lang='lat' dir='ltr'>adhibeat</span> <span class='ocrx_word' id='word_1_103' title='bbox 927 1288 1148 1344; x_wconf 87' lang='lat' dir='ltr'>sequentem</span> <span class='ocrx_word' id='word_1_104' title='bbox 1180 1288 1424 1330; x_wconf 84' lang='lat' dir='ltr'>illationem:</span> 
     </span>
    </p>

    <p class='ocr_par' dir='ltr' id='par_1_8' title="bbox 667 1353 1002 1408">
     <span class='ocr_line' id='line_1_18' title="bbox 667 1353 1002 1408; baseline -0.012 -11"><span class='ocrx_word' id='word_1_105' title='bbox 667 1353 708 1397; x_wconf 87' lang='lat' dir='ltr'><em>V</em></span> <span class='ocrx_word' id='word_1_106' title='bbox 707 1359 725 1394; x_wconf 84' lang='lat' dir='ltr'><em>t</em></span> <span class='ocrx_word' id='word_1_107' title='bbox 743 1354 851 1408; x_wconf 87' lang='lat' dir='ltr'>finus</span> <span class='ocrx_word' id='word_1_108' title='bbox 882 1359 1002 1394; x_wconf 86' lang='lat' dir='ltr'>totus:</span> 
     </span>
    </p>

    <p class='ocr_par' dir='ltr' id='par_1_9' title="bbox 669 1412 1686 1534">
     <span class='ocr_line' id='line_1_19' title="bbox 669 1412 1686 1473; baseline 0.004 -16"><span class='ocrx_word' id='word_1_109' title='bbox 669 1417 741 1461; x_wconf 88' lang='lat' dir='ltr'>Ad</span> <span class='ocrx_word' id='word_1_110' title='bbox 764 1418 887 1473; x_wconf 82' lang='lat' dir='ltr'>finum</span> <span class='ocrx_word' id='word_1_111' title='bbox 919 1417 1113 1472; x_wconf 78' lang='lat' dir='ltr'>distantiae</span> <span class='ocrx_word' id='word_1_112' title='bbox 1131 1412 1224 1471; x_wconf 87' lang='lat' dir='ltr'><em>solis</em></span> <span class='ocrx_word' id='word_1_113' title='bbox 1262 1423 1420 1473; x_wconf 80' lang='lat' dir='ltr'>tempore</span> <span class='ocrx_word' id='word_1_114' title='bbox 1452 1418 1539 1461; x_wconf 84' lang='lat' dir='ltr'>dato</span> <span class='ocrx_word' id='word_1_115' title='bbox 1571 1431 1597 1460; x_wconf 90' lang='lat' dir='ltr'><em>a</em></span> <span class='ocrx_word' id='word_1_116' title='bbox 1611 1417 1686 1461; x_wconf 85' lang='lat' dir='ltr'><em>cir-</em></span> 
     </span>
     <span class='ocr_line' id='line_1_20' title="bbox 757 1480 1248 1534; baseline 0 -12"><span class='ocrx_word' id='word_1_117' title='bbox 757 1481 832 1522; x_wconf 82' lang='lat' dir='ltr'>culo</span> <span class='ocrx_word' id='word_1_118' title='bbox 864 1480 1067 1523; x_wconf 78' lang='lat' dir='ltr'>latitudinis</span> <span class='ocrx_word' id='word_1_119' title='bbox 1099 1492 1248 1534; x_wconf 80' lang='lat' dir='ltr'>verae3</span> 
     </span>
    </p>

    <p class='ocr_par' dir='ltr' id='par_1_10' title="bbox 673 1543 1688 1599">
     <span class='ocr_line' id='line_1_21' title="bbox 673 1543 1688 1599; baseline 0.002 -13"><span class='ocrx_word' id='word_1_120' title='bbox 673 1545 743 1586; x_wconf 81' lang='lat' dir='ltr'>Ita</span> <span class='ocrx_word' id='word_1_121' title='bbox 764 1546 869 1599; x_wconf 80' lang='lat' dir='ltr'>finus</span> <span class='ocrx_word' id='word_1_122' title='bbox 900 1545 1147 1585; x_wconf 80' lang='lat' dir='ltr'>aberrationis</span> <span class='ocrx_word' id='word_1_123' title='bbox 1177 1548 1364 1586; x_wconf 78' lang='lat' dir='ltr'>maximae</span> <span class='ocrx_word' id='word_1_124' title='bbox 1381 1546 1418 1586; x_wconf 84' lang='lat' dir='ltr'>in</span> <span class='ocrx_word' id='word_1_125' title='bbox 1436 1543 1688 1589; x_wconf 61' lang='lat' dir='ltr'>latituaefinem:</span> 
     </span>
    </p>

    <p class='ocr_par' dir='ltr' id='par_1_11' title="bbox 676 1607 1390 1666">
     <span class='ocr_line' id='line_1_22' title="bbox 676 1607 1390 1666; baseline 0 -14"><span class='ocrx_word' id='word_1_126' title='bbox 676 1607 745 1652; x_wconf 72' lang='lat' dir='ltr'>Ad</span> <span class='ocrx_word' id='word_1_127' title='bbox 775 1608 883 1651; x_wconf 72' lang='lat' dir='ltr'><em>smum</em></span> <span class='ocrx_word' id='word_1_128' title='bbox 915 1607 1162 1653; x_wconf 76' lang='lat' dir='ltr'>aberrationis</span> <span class='ocrx_word' id='word_1_129' title='bbox 1194 1609 1390 1666; x_wconf 70' lang='lat' dir='ltr'>quaesstae.</span> 
     </span>
    </p>
   </div>
   <div class='ocr_carea' id='block_1_3' title="bbox 1595 2160 1694 2204">
    <p class='ocr_par' dir='ltr' id='par_1_12' title="bbox 1595 2160 1694 2204">
     <span class='ocr_line' id='line_1_23' title="bbox 1595 2160 1694 2204; baseline 0 0"><span class='ocrx_word' id='word_1_130' title='bbox 1595 2160 1694 2204; x_wconf 74' lang='lat' dir='ltr'>Ma·</span> 
     </span>
    </p>
   </div>
  </div>
 </body>
</html>
