<?xml version="1.0" encoding="UTF-8"?>
<!DOCTYPE html PUBLIC "-//W3C//DTD XHTML 1.0 Transitional//EN"
    "http://www.w3.org/TR/xhtml1/DTD/xhtml1-transitional.dtd">
<html xmlns="http://www.w3.org/1999/xhtml" xml:lang="en" lang="en">
 <head>
  <title>
</title>
<meta http-equiv="Content-Type" content="text/html;charset=utf-8" />
  <meta name='ocr-system' content='tesseract 3.04.00' />
  <meta name='ocr-capabilities' content='ocr_page ocr_carea ocr_par ocr_line ocrx_word'/>
</head>
<body>
  <div class='ocr_page' id='page_1' title='image "./novicommentariac01impe_0304.png"; bbox 0 0 1820 2506; ppageno 0'>
   <div class='ocr_carea' id='block_1_1' title="bbox 362 165 1292 335">
    <p class='ocr_par' dir='ltr' id='par_1_1' title="bbox 362 165 1292 335">
     <span class='ocr_line' id='line_1_1' title="bbox 362 165 1204 232; baseline -0.004 -16"><span class='ocrx_word' id='word_1_1' title='bbox 362 178 450 216; x_wconf 79' lang='lat'>206</span> <span class='ocrx_word' id='word_1_2' title='bbox 826 167 968 232; x_wconf 44' lang='grc' dir='ltr'>ὴῆἓξζῆε</span> <span class='ocrx_word' id='word_1_3' title='bbox 1002 184 1029 214; x_wconf 92' lang='lat'>0</span> <span class='ocrx_word' id='word_1_4' title='bbox 1063 165 1204 230; x_wconf 38' lang='grc' dir='ltr'>ἡθξοξζᾲ</span> 
     </span>
     <span class='ocr_line' id='line_1_2' title="bbox 753 283 1292 335; baseline -0.013 1"><span class='ocrx_word' id='word_1_5' title='bbox 753 283 1292 335; x_wconf 86' lang='lat' dir='ltr'>MEDITATIONES</span> 
     </span>
    </p>
   </div>
   <div class='ocr_carea' id='block_1_2' title="bbox 508 353 1538 546">
    <p class='ocr_par' dir='ltr' id='par_1_2' title="bbox 508 353 1538 546">
     <span class='ocr_line' id='line_1_3' title="bbox 508 353 1538 546; baseline -0.006 -68"><span class='ocrx_word' id='word_1_6' title='bbox 508 353 1538 546; x_wconf 47' lang='grc' dir='ltr'><strong>ΟΑΙᾹΟΚΙΒΕΡΞΞΑΡΗΙΟΟΚΙΒ</strong></span> 
     </span>
    </p>
   </div>
   <div class='ocr_carea' id='block_1_3' title="bbox 788 625 1263 749">
    <p class='ocr_par' dir='ltr' id='par_1_3' title="bbox 788 625 1263 749">
     <span class='ocr_line' id='line_1_4' title="bbox 906 625 1144 665; baseline -0.013 0"><span class='ocrx_word' id='word_1_7' title='bbox 906 625 1144 665; x_wconf 83' lang='lat' dir='ltr'>AVCTORE</span> 
     </span>
     <span class='ocr_line' id='line_1_5' title="bbox 788 688 1263 749; baseline -0.013 -10"><span class='ocrx_word' id='word_1_8' title='bbox 788 694 843 738; x_wconf 92' lang='lat' dir='ltr'><em>M</em></span> <span class='ocrx_word' id='word_1_9' title='bbox 845 693 983 738; x_wconf 80' lang='lat' dir='ltr'>ichaele</span> <span class='ocrx_word' id='word_1_10' title='bbox 1030 688 1263 749; x_wconf 70' lang='lat' dir='ltr'>Lomonofhw.</span> 
     </span>
    </p>
   </div>
   <div class='ocr_carea' id='block_1_4' title="bbox 964 824 1080 872">
    <p class='ocr_par' dir='ltr' id='par_1_4' title="bbox 964 824 1080 872">
     <span class='ocr_line' id='line_1_6' title="bbox 964 824 1080 872; baseline -0.009 -9"><span class='ocrx_word' id='word_1_11' title='bbox 964 824 1000 872; x_wconf 71' lang='grc' dir='ltr'>ξ.</span> <span class='ocrx_word' id='word_1_12' title='bbox 1043 835 1080 862; x_wconf 92' lang='lat'>1.</span> 
     </span>
    </p>
   </div>
   <div class='ocr_carea' id='block_1_5' title="bbox 364 899 1694 2093">
    <p class='ocr_par' dir='ltr' id='par_1_5' title="bbox 364 899 1694 1843">
     <span class='ocr_line' id='line_1_7' title="bbox 365 899 1688 1018; baseline -0.003 -69"><span class='ocrx_word' id='word_1_13' title='bbox 365 899 608 1018; x_wconf 76' lang='lat' dir='ltr'>Calorem</span> <span class='ocrx_word' id='word_1_14' title='bbox 643 901 709 963; x_wconf 60' lang='lat'>(³4³)</span> <span class='ocrx_word' id='word_1_15' title='bbox 743 915 857 948; x_wconf 89' lang='lat' dir='ltr'>motu</span> <span class='ocrx_word' id='word_1_16' title='bbox 890 908 1049 948; x_wconf 86' lang='lat' dir='ltr'>excitari</span> <span class='ocrx_word' id='word_1_17' title='bbox 1083 904 1319 947; x_wconf 84' lang='lat' dir='ltr'>notiffimum</span> <span class='ocrx_word' id='word_1_18' title='bbox 1343 903 1427 946; x_wconf 82' lang='lat' dir='ltr'>est:</span> <span class='ocrx_word' id='word_1_19' title='bbox 1461 915 1594 946; x_wconf 87' lang='lat' dir='ltr'>manus</span> <span class='ocrx_word' id='word_1_20' title='bbox 1617 914 1688 960; x_wconf 86' lang='lat' dir='ltr'>per</span> 
     </span>
     <span class='ocr_line' id='line_1_8' title="bbox 371 969 1688 1022; baseline -0.002 -9"><span class='ocrx_word' id='word_1_21' title='bbox 371 1015 373 1017; x_wconf 63' lang='grc'><strong>,</strong></span> <span class='ocrx_word' id='word_1_22' title='bbox 493 982 669 1013; x_wconf 85' lang='lat' dir='ltr'>mutuam</span> <span class='ocrx_word' id='word_1_23' title='bbox 700 971 920 1012; x_wconf 58' lang='lat' dir='ltr'>frictionem</span> <span class='ocrx_word' id='word_1_24' title='bbox 954 971 1140 1011; x_wconf 90' lang='lat' dir='ltr'>calescunt</span> <span class='ocrx_word' id='word_1_25' title='bbox 1157 1002 1168 1022; x_wconf 88' lang='lat'>,</span> <span class='ocrx_word' id='word_1_26' title='bbox 1202 970 1305 1022; x_wconf 86' lang='lat' dir='ltr'>ligna</span> <span class='ocrx_word' id='word_1_27' title='bbox 1332 969 1531 1010; x_wconf 88' lang='lat' dir='ltr'>flammam</span> <span class='ocrx_word' id='word_1_28' title='bbox 1555 970 1688 1010; x_wconf 88' lang='lat' dir='ltr'>conci-</span> 
     </span>
     <span class='ocr_line' id='line_1_9' title="bbox 365 1033 1688 1093; baseline -0.004 -16"><span class='ocrx_word' id='word_1_29' title='bbox 365 1039 477 1093; x_wconf 88' lang='lat' dir='ltr'>piunt</span> <span class='ocrx_word' id='word_1_30' title='bbox 495 1069 506 1090; x_wconf 86' lang='lat'>,</span> <span class='ocrx_word' id='word_1_31' title='bbox 541 1035 641 1076; x_wconf 83' lang='lat' dir='ltr'>silice</span> <span class='ocrx_word' id='word_1_32' title='bbox 673 1035 720 1076; x_wconf 92' lang='lat' dir='ltr'>ad</span> <span class='ocrx_word' id='word_1_33' title='bbox 753 1034 958 1086; x_wconf 83' lang='lat' dir='ltr'><strong>chalybem</strong></span> <span class='ocrx_word' id='word_1_34' title='bbox 993 1034 1099 1075; x_wconf 91' lang='lat' dir='ltr'>alliso</span> <span class='ocrx_word' id='word_1_35' title='bbox 1139 1033 1320 1074; x_wconf 80' lang='lat' dir='ltr'>scintillae</span> <span class='ocrx_word' id='word_1_36' title='bbox 1353 1033 1554 1087; x_wconf 79' lang='lat' dir='ltr'>prosiliunt</span> <span class='ocrx_word' id='word_1_37' title='bbox 1572 1065 1583 1085; x_wconf 85' lang='lat'>,</span> <span class='ocrx_word' id='word_1_38' title='bbox 1616 1033 1688 1073; x_wconf 89' lang='lat' dir='ltr'>fer-</span> 
     </span>
     <span class='ocr_line' id='line_1_10' title="bbox 364 1095 1687 1150; baseline -0.005 -8"><span class='ocrx_word' id='word_1_39' title='bbox 364 1113 452 1142; x_wconf 88' lang='lat' dir='ltr'>rum</span> <span class='ocrx_word' id='word_1_40' title='bbox 484 1099 623 1140; x_wconf 85' lang='lat' dir='ltr'>crebris</span> <span class='ocrx_word' id='word_1_41' title='bbox 656 1108 695 1138; x_wconf 90' lang='lat' dir='ltr'>et</span> <span class='ocrx_word' id='word_1_42' title='bbox 730 1097 867 1137; x_wconf 86' lang='lat' dir='ltr'>validis</span> <span class='ocrx_word' id='word_1_43' title='bbox 901 1098 1036 1137; x_wconf 61' lang='lat' dir='ltr'>ictibus</span> <span class='ocrx_word' id='word_1_44' title='bbox 1053 1097 1274 1138; x_wconf 85' lang='lat' dir='ltr'>malleatum</span> <span class='ocrx_word' id='word_1_45' title='bbox 1292 1095 1567 1149; x_wconf 76' lang='lat' dir='ltr'>excandescit3</span> <span class='ocrx_word' id='word_1_46' title='bbox 1603 1097 1687 1150; x_wconf 90' lang='lat' dir='ltr'>qui-</span> 
     </span>
     <span class='ocr_line' id='line_1_11' title="bbox 366 1159 1690 1212; baseline -0.003 -9"><span class='ocrx_word' id='word_1_47' title='bbox 366 1164 436 1206; x_wconf 90' lang='lat' dir='ltr'>bus</span> <span class='ocrx_word' id='word_1_48' title='bbox 470 1160 696 1201; x_wconf 85' lang='lat' dir='ltr'>ceffantibus</span> <span class='ocrx_word' id='word_1_49' title='bbox 728 1159 832 1199; x_wconf 88' lang='lat' dir='ltr'>calor</span> <span class='ocrx_word' id='word_1_50' title='bbox 864 1160 1091 1200; x_wconf 86' lang='lat' dir='ltr'>diminuitur</span> <span class='ocrx_word' id='word_1_51' title='bbox 1131 1169 1172 1200; x_wconf 90' lang='lat' dir='ltr'>et</span> <span class='ocrx_word' id='word_1_52' title='bbox 1206 1160 1415 1212; x_wconf 60' lang='lat' dir='ltr'>productus</span> <span class='ocrx_word' id='word_1_53' title='bbox 1474 1161 1572 1211; x_wconf 87' lang='lat' dir='ltr'>ignis</span> <span class='ocrx_word' id='word_1_54' title='bbox 1605 1169 1690 1199; x_wconf 89' lang='lat' dir='ltr'>tan-</span> 
     </span>
     <span class='ocr_line' id='line_1_12' title="bbox 365 1221 1692 1277; baseline -0.004 -9"><span class='ocrx_word' id='word_1_55' title='bbox 365 1226 457 1269; x_wconf 88' lang='lat' dir='ltr'>dem</span> <span class='ocrx_word' id='word_1_56' title='bbox 498 1223 747 1277; x_wconf 85' lang='lat' dir='ltr'>extinguitur.</span> <span class='ocrx_word' id='word_1_57' title='bbox 825 1222 948 1263; x_wconf 89' lang='lat' dir='ltr'>Porro</span> <span class='ocrx_word' id='word_1_58' title='bbox 988 1223 1118 1264; x_wconf 90' lang='lat' dir='ltr'>calore</span> <span class='ocrx_word' id='word_1_59' title='bbox 1158 1230 1355 1276; x_wconf 88' lang='lat' dir='ltr'>concepto</span> <span class='ocrx_word' id='word_1_60' title='bbox 1373 1254 1384 1275; x_wconf 87' lang='lat'>,</span> <span class='ocrx_word' id='word_1_61' title='bbox 1427 1234 1594 1276; x_wconf 88' lang='lat' dir='ltr'>corpora</span> <span class='ocrx_word' id='word_1_62' title='bbox 1625 1221 1692 1263; x_wconf 84' lang='lat' dir='ltr'>vel</span> 
     </span>
     <span class='ocr_line' id='line_1_13' title="bbox 367 1285 1694 1344; baseline -0.003 -13"><span class='ocrx_word' id='word_1_63' title='bbox 367 1291 408 1332; x_wconf 89' lang='lat' dir='ltr'>in</span> <span class='ocrx_word' id='word_1_64' title='bbox 425 1298 551 1344; x_wconf 86' lang='lat' dir='ltr'>partes</span> <span class='ocrx_word' id='word_1_65' title='bbox 591 1286 817 1328; x_wconf 80' lang='lat' dir='ltr'>insensibiles</span> <span class='ocrx_word' id='word_1_66' title='bbox 851 1285 1011 1327; x_wconf 89' lang='lat' dir='ltr'>resoluta</span> <span class='ocrx_word' id='word_1_67' title='bbox 1051 1299 1121 1341; x_wconf 90' lang='lat' dir='ltr'>per</span> <span class='ocrx_word' id='word_1_68' title='bbox 1162 1289 1294 1328; x_wconf 87' lang='lat' dir='ltr'>a&#39;e&#39;rem</span> <span class='ocrx_word' id='word_1_69' title='bbox 1335 1285 1554 1340; x_wconf 83' lang='lat' dir='ltr'>diffipantur</span> <span class='ocrx_word' id='word_1_70' title='bbox 1573 1318 1583 1338; x_wconf 92' lang='lat'>,</span> <span class='ocrx_word' id='word_1_71' title='bbox 1625 1285 1694 1327; x_wconf 78' lang='lat' dir='ltr'>vel</span> 
     </span>
     <span class='ocr_line' id='line_1_14' title="bbox 366 1349 1693 1405; baseline -0.003 -11"><span class='ocrx_word' id='word_1_72' title='bbox 366 1354 407 1404; x_wconf 84' lang='lat' dir='ltr'>in</span> <span class='ocrx_word' id='word_1_73' title='bbox 431 1354 575 1394; x_wconf 87' lang='lat' dir='ltr'>cineres</span> <span class='ocrx_word' id='word_1_74' title='bbox 606 1351 782 1393; x_wconf 82' lang='lat' dir='ltr'>fatiscunt</span> <span class='ocrx_word' id='word_1_75' title='bbox 799 1384 811 1404; x_wconf 84' lang='lat'>‚</span> <span class='ocrx_word' id='word_1_76' title='bbox 845 1360 908 1391; x_wconf 91' lang='lat' dir='ltr'>aut</span> <span class='ocrx_word' id='word_1_77' title='bbox 949 1350 1141 1392; x_wconf 85' lang='lat' dir='ltr'>debilitata</span> <span class='ocrx_word' id='word_1_78' title='bbox 1184 1352 1350 1405; x_wconf 88' lang='lat' dir='ltr'>partium</span> <span class='ocrx_word' id='word_1_79' title='bbox 1384 1349 1612 1391; x_wconf 78' lang='lat' dir='ltr'>cohaesione</span> <span class='ocrx_word' id='word_1_80' title='bbox 1645 1350 1693 1390; x_wconf 83' lang='lat' dir='ltr'>li-</span> 
     </span>
     <span class='ocr_line' id='line_1_15' title="bbox 364 1414 1693 1472; baseline -0.003 -14"><span class='ocrx_word' id='word_1_81' title='bbox 364 1416 557 1472; x_wconf 73' lang='lat' dir='ltr'>quescunt.</span> <span class='ocrx_word' id='word_1_82' title='bbox 610 1414 791 1469; x_wconf 90' lang='lat' dir='ltr'>Denique</span> <span class='ocrx_word' id='word_1_83' title='bbox 824 1427 1035 1469; x_wconf 89' lang='lat' dir='ltr'>corporum</span> <span class='ocrx_word' id='word_1_84' title='bbox 1067 1416 1264 1468; x_wconf 88' lang='lat' dir='ltr'>generatio</span> <span class='ocrx_word' id='word_1_85' title='bbox 1282 1448 1294 1467; x_wconf 87' lang='lat'>‚</span> <span class='ocrx_word' id='word_1_86' title='bbox 1324 1416 1405 1455; x_wconf 82' lang='lat' dir='ltr'>vita</span> <span class='ocrx_word' id='word_1_87' title='bbox 1422 1446 1434 1467; x_wconf 87' lang='lat'>,</span> <span class='ocrx_word' id='word_1_88' title='bbox 1466 1414 1663 1467; x_wconf 83' lang='lat' dir='ltr'>vegetatio</span> <span class='ocrx_word' id='word_1_89' title='bbox 1680 1446 1693 1466; x_wconf 87' lang='lat'>‚</span> 
     </span>
     <span class='ocr_line' id='line_1_16' title="bbox 365 1477 1692 1533; baseline -0.002 -12"><span class='ocrx_word' id='word_1_90' title='bbox 365 1480 612 1531; x_wconf 79' lang='lat' dir='ltr'>fermentatio</span> <span class='ocrx_word' id='word_1_91' title='bbox 631 1513 642 1533; x_wconf 83' lang='lat'>‚</span> <span class='ocrx_word' id='word_1_92' title='bbox 675 1478 902 1533; x_wconf 70' lang='lat' dir='ltr'>putrefactio</span> <span class='ocrx_word' id='word_1_93' title='bbox 922 1511 933 1531; x_wconf 82' lang='lat'>‚</span> <span class='ocrx_word' id='word_1_94' title='bbox 967 1479 1095 1519; x_wconf 91' lang='lat' dir='ltr'>calore</span> <span class='ocrx_word' id='word_1_95' title='bbox 1135 1488 1430 1533; x_wconf 86' lang='lat' dir='ltr'>promouentur,</span> <span class='ocrx_word' id='word_1_96' title='bbox 1465 1477 1606 1531; x_wconf 86' lang='lat' dir='ltr'>frigore</span> <span class='ocrx_word' id='word_1_97' title='bbox 1631 1490 1692 1518; x_wconf 87' lang='lat' dir='ltr'>re·</span> 
     </span>
     <span class='ocr_line' id='line_1_17' title="bbox 365 1541 1692 1596; baseline -0.002 -10"><span class='ocrx_word' id='word_1_98' title='bbox 365 1545 572 1586; x_wconf 81' lang='lat' dir='ltr'>tardantur.</span> <span class='ocrx_word' id='word_1_99' title='bbox 641 1543 709 1585; x_wconf 88' lang='lat' dir='ltr'>Ex</span> <span class='ocrx_word' id='word_1_100' title='bbox 740 1541 873 1596; x_wconf 90' lang='lat' dir='ltr'>quibus</span> <span class='ocrx_word' id='word_1_101' title='bbox 914 1543 1092 1582; x_wconf 87' lang='lat' dir='ltr'>omnibus</span> <span class='ocrx_word' id='word_1_102' title='bbox 1133 1542 1408 1583; x_wconf 76' lang='lat' dir='ltr'>euidentissime</span> <span class='ocrx_word' id='word_1_103' title='bbox 1447 1551 1554 1596; x_wconf 88' lang='lat' dir='ltr'>patet</span> <span class='ocrx_word' id='word_1_104' title='bbox 1571 1574 1583 1594; x_wconf 86' lang='lat'>‚</span> <span class='ocrx_word' id='word_1_105' title='bbox 1624 1553 1692 1583; x_wconf 86' lang='lat' dir='ltr'>ra-</span> 
     </span>
     <span class='ocr_line' id='line_1_18' title="bbox 367 1602 1693 1663; baseline -0.003 -13"><span class='ocrx_word' id='word_1_106' title='bbox 367 1611 495 1650; x_wconf 82' lang='lat' dir='ltr'>tionem</span> <span class='ocrx_word' id='word_1_107' title='bbox 529 1603 761 1663; x_wconf 59' lang='lat' dir='ltr'>sifficientem</span> <span class='ocrx_word' id='word_1_108' title='bbox 809 1604 939 1647; x_wconf 82' lang='lat' dir='ltr'>caloris</span> <span class='ocrx_word' id='word_1_109' title='bbox 973 1607 1010 1646; x_wconf 86' lang='lat' dir='ltr'>in</span> <span class='ocrx_word' id='word_1_110' title='bbox 1043 1613 1136 1648; x_wconf 83' lang='lat' dir='ltr'>motu</span> <span class='ocrx_word' id='word_1_111' title='bbox 1175 1602 1240 1661; x_wconf 78' lang='lat' dir='ltr'>effi‘</span> <span class='ocrx_word' id='word_1_112' title='bbox 1258 1607 1421 1661; x_wconf 75' lang='lat' dir='ltr'>pcfitam.</span> <span class='ocrx_word' id='word_1_113' title='bbox 1490 1605 1693 1661; x_wconf 84' lang='lat' dir='ltr'>Quoniam</span> 
     </span>
     <span class='ocr_line' id='line_1_19' title="bbox 367 1667 1691 1723; baseline -0.003 -10"><span class='ocrx_word' id='word_1_114' title='bbox 367 1682 497 1713; x_wconf 90' lang='lat' dir='ltr'>autem</span> <span class='ocrx_word' id='word_1_115' title='bbox 537 1681 668 1713; x_wconf 85' lang='lat' dir='ltr'>motus</span> <span class='ocrx_word' id='word_1_116' title='bbox 699 1671 777 1712; x_wconf 90' lang='lat' dir='ltr'>fine</span> <span class='ocrx_word' id='word_1_117' title='bbox 811 1670 970 1710; x_wconf 87' lang='lat' dir='ltr'>materia</span> <span class='ocrx_word' id='word_1_118' title='bbox 1003 1669 1085 1710; x_wconf 88' lang='lat' dir='ltr'>fieri</span> <span class='ocrx_word' id='word_1_119' title='bbox 1118 1683 1199 1710; x_wconf 93' lang='lat' dir='ltr'>non</span> <span class='ocrx_word' id='word_1_120' title='bbox 1217 1670 1342 1723; x_wconf 90' lang='lat' dir='ltr'>potest</span> <span class='ocrx_word' id='word_1_121' title='bbox 1360 1702 1371 1721; x_wconf 87' lang='lat'>‚</span> <span class='ocrx_word' id='word_1_122' title='bbox 1406 1667 1599 1709; x_wconf 85' lang='lat' dir='ltr'>necessum</span> <span class='ocrx_word' id='word_1_123' title='bbox 1620 1670 1691 1722; x_wconf 89' lang='lat' dir='ltr'>igi-</span> 
     </span>
     <span class='ocr_line' id='line_1_20' title="bbox 370 1729 1690 1791; baseline -0.002 -13"><span class='ocrx_word' id='word_1_124' title='bbox 370 1746 433 1779; x_wconf 89' lang='lat' dir='ltr'>tur</span> <span class='ocrx_word' id='word_1_125' title='bbox 464 1737 517 1778; x_wconf 90' lang='lat' dir='ltr'>est</span> <span class='ocrx_word' id='word_1_126' title='bbox 536 1771 546 1791; x_wconf 85' lang='lat'>‚</span> <span class='ocrx_word' id='word_1_127' title='bbox 591 1743 636 1778; x_wconf 82' lang='lat' dir='ltr'>vt</span> <span class='ocrx_word' id='word_1_128' title='bbox 674 1738 770 1779; x_wconf 81' lang='lat' dir='ltr'>ratio</span> <span class='ocrx_word' id='word_1_129' title='bbox 789 1729 967 1788; x_wconf 80' lang='lat' dir='ltr'>fitfficiens</span> <span class='ocrx_word' id='word_1_130' title='bbox 999 1733 1128 1777; x_wconf 70' lang='lat' dir='ltr'>caloris</span> <span class='ocrx_word' id='word_1_131' title='bbox 1158 1733 1316 1790; x_wconf 68' lang='lat' dir='ltr'>corfffiat</span> <span class='ocrx_word' id='word_1_132' title='bbox 1347 1735 1384 1775; x_wconf 88' lang='lat' dir='ltr'>in</span> <span class='ocrx_word' id='word_1_133' title='bbox 1409 1739 1503 1774; x_wconf 87' lang='lat' dir='ltr'>motu</span> <span class='ocrx_word' id='word_1_134' title='bbox 1541 1732 1690 1775; x_wconf 77' lang='lat' dir='ltr'>alicuius</span> 
     </span>
     <span class='ocr_line' id='line_1_21' title="bbox 371 1803 1319 1843; baseline -0.002 0"><span class='ocrx_word' id='word_1_135' title='bbox 371 1803 565 1843; x_wconf 83' lang='lat' dir='ltr'>materiae.</span> <span class='ocrx_word' id='word_1_136' title='bbox 1318 1837 1319 1841; x_wconf 74' lang='grc'>,</span> 
     </span>
    </p>

    <p class='ocr_par' dir='ltr' id='par_1_6' title="bbox 371 1856 1693 2049">
     <span class='ocr_line' id='line_1_22' title="bbox 521 1856 1693 1921; baseline -0.006 -16"><span class='ocrx_word' id='word_1_137' title='bbox 521 1865 556 1914; x_wconf 67' lang='grc' dir='ltr'>ξ.</span> <span class='ocrx_word' id='word_1_138' title='bbox 598 1877 636 1905; x_wconf 84' lang='lat'>2.</span> <span class='ocrx_word' id='word_1_139' title='bbox 674 1864 862 1921; x_wconf 82' lang='lat' dir='ltr'>Quamuis</span> <span class='ocrx_word' id='word_1_140' title='bbox 892 1871 1021 1906; x_wconf 90' lang='lat' dir='ltr'>autem</span> <span class='ocrx_word' id='word_1_141' title='bbox 1054 1864 1093 1905; x_wconf 92' lang='lat' dir='ltr'>in</span> <span class='ocrx_word' id='word_1_142' title='bbox 1112 1861 1340 1918; x_wconf 86' lang='lat' dir='ltr'>corporibus</span> <span class='ocrx_word' id='word_1_143' title='bbox 1369 1859 1496 1906; x_wconf 82' lang='lat' dir='ltr'>calidis</span> <span class='ocrx_word' id='word_1_144' title='bbox 1511 1856 1693 1918; x_wconf 71' lang='lat' dir='ltr'>{plerum-</span> 
     </span>
     <span class='ocr_line' id='line_1_23' title="bbox 372 1922 1693 1984; baseline -0.005 -13"><span class='ocrx_word' id='word_1_145' title='bbox 372 1942 447 1984; x_wconf 93' lang='lat' dir='ltr'>que</span> <span class='ocrx_word' id='word_1_146' title='bbox 489 1929 616 1970; x_wconf 87' lang='lat' dir='ltr'>nullus</span> <span class='ocrx_word' id='word_1_147' title='bbox 654 1938 786 1971; x_wconf 89' lang='lat' dir='ltr'>motus</span> <span class='ocrx_word' id='word_1_148' title='bbox 825 1928 907 1970; x_wconf 80' lang='lat' dir='ltr'>visu</span> <span class='ocrx_word' id='word_1_149' title='bbox 941 1928 1202 1983; x_wconf 85' lang='lat' dir='ltr'>percipiatur,</span> <span class='ocrx_word' id='word_1_150' title='bbox 1242 1936 1374 1967; x_wconf 87' lang='lat' dir='ltr'>tamen</span> <span class='ocrx_word' id='word_1_151' title='bbox 1414 1936 1485 1978; x_wconf 91' lang='lat' dir='ltr'>per</span> <span class='ocrx_word' id='word_1_152' title='bbox 1536 1922 1693 1967; x_wconf 59' lang='lat' dir='ltr'>effeetus</span> 
     </span>
     <span class='ocr_line' id='line_1_24' title="bbox 371 1989 1692 2049; baseline -0.005 -14"><span class='ocrx_word' id='word_1_153' title='bbox 371 1993 514 2049; x_wconf 84' lang='lat' dir='ltr'>saepius</span> <span class='ocrx_word' id='word_1_154' title='bbox 552 1994 589 2034; x_wconf 90' lang='lat' dir='ltr'>se</span> <span class='ocrx_word' id='word_1_155' title='bbox 628 1993 851 2036; x_wconf 73' lang='lat' dir='ltr'>manifestat.</span> <span class='ocrx_word' id='word_1_156' title='bbox 927 1992 988 2034; x_wconf 92' lang='lat' dir='ltr'>Ita</span> <span class='ocrx_word' id='word_1_157' title='bbox 1027 1993 1167 2034; x_wconf 77' lang='lat' dir='ltr'>ferrum</span> <span class='ocrx_word' id='word_1_158' title='bbox 1211 1991 1258 2032; x_wconf 90' lang='lat' dir='ltr'>ad</span> <span class='ocrx_word' id='word_1_159' title='bbox 1297 1989 1525 2044; x_wconf 89' lang='lat' dir='ltr'>ignitionem</span> <span class='ocrx_word' id='word_1_160' title='bbox 1566 2001 1692 2043; x_wconf 89' lang='lat' dir='ltr'>prope</span> 
     </span>
    </p>

    <p class='ocr_par' dir='ltr' id='par_1_7' title="bbox 1590 2052 1691 2093">
     <span class='ocr_line' id='line_1_25' title="bbox 1590 2052 1691 2093; baseline 0 0"><span class='ocrx_word' id='word_1_161' title='bbox 1590 2052 1691 2093; x_wconf 88' lang='lat' dir='ltr'>cale-</span> 
     </span>
    </p>
   </div>
   <div class='ocr_carea' id='block_1_6' title="bbox 460 2139 1696 2186">
    <p class='ocr_par' dir='ltr' id='par_1_8' title="bbox 460 2139 1696 2186">
     <span class='ocr_line' id='line_1_26' title="bbox 460 2139 1696 2186; baseline -0.003 -11"><span class='ocrx_word' id='word_1_162' title='bbox 460 2142 502 2183; x_wconf 59' lang='grc' dir='ltr'>(Ὀ</span> <span class='ocrx_word' id='word_1_163' title='bbox 525 2153 582 2186; x_wconf 86' lang='lat' dir='ltr'>quo</span> <span class='ocrx_word' id='word_1_164' title='bbox 606 2144 714 2175; x_wconf 82' lang='lat' dir='ltr'>nomine</span> <span class='ocrx_word' id='word_1_165' title='bbox 739 2151 767 2175; x_wconf 79' lang='lat' dir='ltr'>et</span> <span class='ocrx_word' id='word_1_166' title='bbox 790 2145 845 2175; x_wconf 85' lang='lat' dir='ltr'>vim</span> <span class='ocrx_word' id='word_1_167' title='bbox 870 2144 928 2175; x_wconf 77' lang='lat' dir='ltr'>eius</span> <span class='ocrx_word' id='word_1_168' title='bbox 951 2142 1128 2182; x_wconf 66' lang='lat' dir='ltr'>immam-em,</span> <span class='ocrx_word' id='word_1_169' title='bbox 1153 2143 1246 2185; x_wconf 77' lang='lat' dir='ltr'>ignem</span> <span class='ocrx_word' id='word_1_170' title='bbox 1275 2140 1359 2181; x_wconf 84' lang='lat' dir='ltr'>vulgo</span> <span class='ocrx_word' id='word_1_171' title='bbox 1381 2140 1488 2181; x_wconf 60' lang='lat' dir='ltr'>dicum,</span> <span class='ocrx_word' id='word_1_172' title='bbox 1510 2139 1696 2180; x_wconf 70' lang='lat' dir='ltr'>intelligimus.</span> 
     </span>
    </p>
   </div>
  </div>
 </body>
</html>
