1820 2506
376 180 465 225 308
492 173 565 219 SV
565 171 971 221 PPLEMENTVM
1005 174 1093 218 AD
1126 173 1566 223 MEDITATIONES

373 295 405 338 is
423 297 620 350 quadratis.
659 293 852 337 Columna
872 296 1055 338 Mercurii
1071 308 1201 338 aereae
1218 299 1473 352 aequipollens
1491 312 1546 350 41
1569 298 1685 341 linea-

373 372 460 401 rum
477 361 738 414 quadratarum
764 361 837 402 basi
861 360 1097 413 incumbens,
1117 368 1172 403 28
1194 362 1357 415 pollices
1381 363 1471 416 alta,
1495 365 1683 418 ponderat

372 435 486 477 grana
513 437 684 477 40242‚
710 423 772 466 seu
797 425 908 465 libras
932 439 962 475 4
987 434 1025 464 et
1051 437 1165 479 grana
1193 433 1325 475 3378.
1366 427 1469 467 Hinc
1486 427 1514 468 fi
1530 441 1623 482 aqua
1642 430 1681 469 in

371 488 533 528 crustam
560 488 791 542 conglaciata
818 488 883 528 vel
910 490 1054 541 integra
1080 487 1173 529 effet
1190 501 1271 541 aer,
1291 490 1557 532 condensatum
1577 491 1689 533 fuiffe

370 562 571 605 oporteret
587 554 626 593 in
646 565 713 603 33¹„
731 553 878 593 circiter
896 551 1022 607 spatii,
1051 554 1157 607 quod
1174 554 1214 593 in
1231 555 1492 608 atmosphaera
1509 567 1684 610 occupat,

370 626 418 655 vt
435 616 594 669 globum
614 616 715 657 hunc
734 618 972 670 disrumpere
982 615 1176 670 potuiffet.
1199 617 1312 659 Vnde
1335 619 1363 659 fi
1380 617 1577 659 densitates
1594 621 1685 661 aeris

371 679 503 721 elateri
554 681 860 735 proportionales
912 678 1059 735 effent'‚
1094 695 1229 736 aquam
1272 683 1309 724 se
1349 682 1472 736 ipsam
1524 693 1567 730 2}
1614 684 1683 737 plo

370 743 548 797 specifice
587 746 694 786 reddi
733 746 951 800 grauiorem
992 745 1142 786 neceffe
1179 745 1279 788 foret
1297 780 1308 801 ,
1353 759 1444 787 cum
1459 746 1500 786 in
1516 747 1683 801 glaciem

370 819 687 864 conuerteretur,
720 810 824 864 quod
858 822 950 850 cum
983 809 1167 851 absonum
1199 811 1242 851 sit
1261 844 1272 864 ,
1306 824 1387 851 non
1426 811 1581 852 obscure
1613 812 1683 865 igi-

369 880 432 912 tur
464 883 621 928 apparet
661 887 753 915 cum
773 872 1027 916 Bernouliana
1059 874 1288 917 deductione
1318 875 1490 916 nostram
1522 887 1682 930 magno-

369 947 463 990 pere
504 937 730 979 consentire.

508 1001 543 1050 ξ.
584 1011 626 1051 7.
662 1001 890 1058 Suspectam
924 1000 1001 1045 effe
1042 1002 1249 1046 materiam
1290 1005 1382 1046 vitri
1422 1003 1587 1058 ingenue
1629 1002 1680 1046 fa-

368 1072 496 1107 temur
514 1098 525 1118 ,
559 1079 706 1121 nempe
739 1080 831 1108 eam
862 1069 995 1121 rumpi
1037 1067 1148 1122 poffe
1181 1070 1305 1110 etiam
1349 1070 1402 1110 ob
1433 1069 1682 1123 repentinam

366 1130 704 1182 refrigerationem
735 1130 813 1172 fine
855 1131 1168 1185 conglaciatione
1202 1145 1323 1185 aquae
1359 1134 1400 1172 in
1419 1134 1586 1173 cauitate
1599 1133 1680 1186 glo-

367 1191 420 1233 bi.
489 1193 641 1235 Verum
676 1203 810 1237 tamen
841 1194 920 1236 hoc
954 1197 1277 1250 experimentum
1313 1195 1458 1236 duobus
1476 1195 1561 1235 aliis
1599 1196 1683 1249 glo-

366 1256 424 1297 bis
464 1258 601 1300 vitreis
640 1271 737 1313 aqua
779 1259 941 1314 repletis
984 1269 1024 1300 et
1064 1259 1201 1315 frigori
1242 1260 1428 1314 expositis
1468 1260 1682 1313 repetitum

363 1322 448 1375 suit,
483 1325 629 1365 eodem
663 1321 819 1379 semper
849 1321 1012 1365 successu
1031 1357 1042 1378 ,
1076 1338 1168 1366 cum
1199 1324 1374 1380 plerique
1408 1324 1603 1366 eiusmodi
1621 1326 1682 1366 vi-

364 1387 441 1427 trei
475 1387 582 1441 globi
613 1388 678 1429 alii
698 1423 709 1443 ‚
742 1390 860 1441 caui,
891 1399 931 1429 et
971 1389 1019 1429 ab
1061 1403 1159 1444 aqua
1200 1389 1344 1443 vacui,
1387 1402 1478 1430 cum
1520 1389 1595 1430 illis
1636 1389 1682 1431 si-

364 1451 449 1491 mul
488 1452 623 1506 frigori
665 1454 831 1508 expositi
880 1454 957 1495 fine
998 1454 1189 1508 ruptionis
1239 1455 1386 1496 damno
1427 1453 1679 1507 perstiterint.

365 1514 488 1555 Vnius
505 1518 697 1557 diameter
715 1528 798 1557 erat
821 1524 872 1559 18
894 1519 1090 1569 linearum,
1119 1519 1296 1559 cauitatis
1319 1530 1339 1567 5
1363 1523 1392 1570 ξ,
1427 1518 1571 1558 crustae
1597 1518 1680 1570 gla-

365 1579 472 1620 cialis
515 1581 695 1622 craffities
736 1582 857 1622 lineae
893 1594 912 1619 1
937 1601 979 1610 α·-
997 1615 1008 1634 ,
1043 1581 1195 1622 alterius
1228 1582 1422 1623 diameter
1468 1591 1523 1630 17
1566 1581 1681 1623 lineas

365 1644 535 1685 cauitatis
573 1657 593 1696 5
619 1660 632 1695 g-
666 1646 806 1698 lineae,
841 1645 963 1686 crusta
996 1645 1167 1699 glacialis
1199 1652 1216 1697 ξ
1247 1646 1371 1686 lineae
1420 1643 1552 1685 craffa.

514 1710 548 1759 §.
577 1717 613 1753 8.
651 1707 920 1751 Co'mmodum
962 1710 1178 1751 clariffimus
1218 1710 1366 1763 collega
1397 1711 1524 1751 noster
1558 1709 1681 1753 Rich-

361 1785 524 1815 mannus
556 1775 728 1829 instituit,
758 1774 896 1815 eodem
931 1774 1018 1828 gelu
1051 1775 1222 1827 durante,
1241 1775 1286 1814 ad
1304 1786 1430 1814 aerem
1463 1775 1503 1814 vi
1534 1775 1686 1828 frigoris

359 1838 401 1878 in
436 1838 587 1881 bombis
620 1839 960 1894 comprimendum
999 1840 1264 1892 experimenta
1282 1872 1292 1891 ‚
1327 1849 1423 1892 quae
1462 1839 1504 1878 vi
1536 1851 1662 1892 conge

359 1901 529 1945 lascentis
568 1916 685 1958 aquae
725 1913 857 1958 ruptae
896 1913 1016 1943 erant.
1083 1903 1170 1943 Vna
1202 1914 1334 1944 earum
1369 1915 1390 1942 a
1421 1902 1532 1942 nobis
1565 1915 1678 1943 men-

359 1966 479 2006 surata
511 1967 581 2009 fuit
598 2001 609 2021 ,
652 1981 748 2023 quae
780 1967 913 2009 habuit
933 1969 970 2008 in
989 1968 1176 2008 diametro
1197 1981 1255 2017 94
1271 1967 1388 2006 lineas
1403 1965 1595 2019 Parifinas,
1614 1980 1677 2008 ca-

359 2030 486 2069 vitatis
512 2032 695 2073 diameter
713 2033 840 2073 media
858 2041 938 2072 erat
956 2035 1013 2070 60
1034 2033 1232 2082 linearum,
1253 2031 1372 2071 crusta
1390 2043 1487 2071 vero
1512 2031 1676 2084 glacialis

358 2091 596 2147 4linearum‚
617 2097 788 2152 adeoque
803 2097 985 2138 diameter
1001 2108 1127 2151 aquae,
1145 2109 1239 2152 quae
1257 2095 1302 2137 ad
1320 2105 1565 2138 momentum
1582 2108 1674 2148 rup-

1562 2168 1677 2202 tionis
