1820 2506
132 192 288 256 QVAE
320 189 465 238 POST
495 188 818 237 MISCELAM
852 188 1209 235 FLVIDORVM
1236 192 1317 241 &a
1366 193 1450 242 163

132 312 277 354 mentis
310 311 407 352 Tab.
435 311 468 353 1.
505 321 742 365 occurrunt,
778 311 889 353 fiunt·
909 311 1067 354 minoris
1100 310 1305 361 momenti,
1340 323 1456 364 quam

134 377 277 417 caeteri
310 389 455 417 errores
474 409 484 428 ,
520 376 652 430 quibus
685 376 911 417 cautissimus
944 377 1102 430 quisque
1141 375 1339 415 obnoxius
1380 371 1458 414 effe

134 439 231 480 solet
249 473 260 492 ‚
304 450 342 480 et
376 441 439 494 qui
464 441 589 482 modo
628 439 716 482 huic
758 440 879 482 modo
912 441 971 482 isti
1003 439 1279 495 experimento
1310 439 1347 479 se
1380 438 1456 479 im-

135 504 317 546 miscent:
353 514 461 558 patet
493 506 610 545 etiam
1210 517 1216 518 ’

253 572 296 621 6)
335 582 403 609 cur
434 569 474 608 in
509 568 633 609 tabula
669 569 743 611 2da
776 570 896 611 multa
926 568 1194 623 experimenta
1227 579 1346 621 aeque
1364 579 1459 608 meo

135 632 280 672 calculo
311 632 540 685 respondent
558 665 568 684 ,
601 646 716 685 quam
749 631 896 675 Clariff.
934 632 1085 674 Krafftii
1117 642 1155 673 et
1172 632 1358 686 quaedam
1376 644 1458 672 ma-

138 697 194 749 gis
234 708 324 736 meo
364 708 478 749 quam
520 696 631 749 ipsius
650 729 660 748 ,
703 699 790 752 quia
832 698 884 738 ob
917 698 1082 738 maiores
1130 693 1266 737 massas
1314 695 1459 736 iactura

136 759 271 800 caloris
285 760 323 798 in
349 758 408 799 his
440 761 715 812 experimentis
749 761 948 803 interuallo
982 761 1169 814 temporis
1195 772 1315 814 paruo
1332 792 1344 812 ,
1378 771 1459 814 quo

137 824 452 878 experimentum
485 825 663 878 quodque
697 826 805 867 durat
823 859 834 878 ,
868 838 985 880 parua
1024 823 1101 865 effe
1134 824 1263 865 debet.

275 887 309 935 (5.
352 900 420 927 12.
475 885 730 929 Confideratis
777 889 837 929 his
881 888 1078 940 omnibus,
1121 889 1317 927 cautiones
1349 887 1462 928 nobis

137 950 320 1004 colligere
354 949 583 1005 possumus,
617 953 749 1006 quibus
785 965 882 1006 opus
914 948 998 1004 est‚'
1039 951 1066 993 si
1107 950 1295 992 eiusmodi
1335 962 1461 1006 expe-

137 1015 301 1056 rimenta
333 1017 406 1056 rite
436 1017 629 1056 instituere
660 1017 853 1057 volumus,

258 1084 298 1129 1)
331 1080 522 1121 rationem
575 1079 715 1121 maffae
766 1081 859 1121 vasis
910 1089 949 1121 et
998 1078 1273 1121 thermometri
1322 1077 1464 1120 habere

137 1141 320 1184 debemus
356 1177 367 1197 ,
418 1144 627 1199 calorisque
665 1178 676 1198 ,
728 1145 793 1199 qui
826 1157 896 1199 per
945 1153 1150 1199 Vtramque
1200 1140 1360 1184 maffam
1403 1143 1461 1184 di<

139 1205 314 1247 stributus
348 1207 414 1248 est.

264 1278 307 1323 2)
341 1269 481 1312 maffae
515 1273 791 1314 examinandae
811 1307 821 1326 ,
857 1286 954 1328 quae
986 1273 1014 1314 fi
1047 1273 1177 1313 minor
1210 1271 1293 1325 est,
1336 1271 1461 1313 distri-

141 1334 299 1375 butione
334 1337 468 1377 caloris
502 1350 572 1390 per
606 1350 784 1391 corpora,
818 1351 912 1391 quae
948 1337 1140 1390 contingit
1172 1348 1208 1376 e.
1245 1349 1281 1390 g.
1317 1349 1385 1376 vas
1418 1337 1460 1376 in

141 1411 220 1452 quo
255 1398 299 1439 fit
332 1401 644 1454 experimentum
678 1411 717 1441 et
751 1401 1084 1454 thermometrum
1122 1400 1310 1454 insignem
1327 1399 1466 1442 caloris

143 1462 330 1504 iad'turam
367 1465 519 1518 patitur.

259 1534 303 1579 3)
337 1530 540 1582 temperiei
574 1530 666 1570 aeris
686 1563 696 1582 ,
731 1530 770 1570 in
805 1543 882 1584 quo
914 1529 961 1571 fit
993 1530 1329 1584 experimentum,
1350 1540 1462 1584 quae,

138 1591 167 1633 fi
196 1589 384 1645 frigidior,
420 1607 532 1647 quam
551 1592 690 1634 massae
722 1595 999 1635 examinandae
1018 1627 1028 1647 ⁷
1062 1607 1149 1648 pars
1166 1594 1302 1634 caloris
1319 1606 1371 1634 ex
1390 1593 1464 1635 hac

141 1656 181 1696 in
223 1668 347 1697 aerem
392 1658 521 1697 transit
540 1693 550 1710 ,
594 1659 773 1712 quamdiu
822 1660 1031 1710 mercurii,
1093 1659 1133 1698 in
1175 1657 1463 1699 thermometro

141 1717 281 1760 maffae
314 1722 590 1763 examinandae
625 1723 816 1775 immerso,
854 1724 1029 1763 contenti
1062 1722 1223 1762 altitudo
1256 1723 1297 1762 in
1331 1722 1462 1762 calore

141 1781 282 1824 maffae
315 1786 590 1826 examinandae
622 1788 864 1841 praeualente
900 1787 1031 1828 crescit
1049 1821 1060 1839 7
1110 1785 1329 1840 praesertim
1370 1798 1462 1826 cum

144 1844 260 1888 massa
292 1848 409 1888 mixti
442 1848 681 1903 esi-minor,
719 1862 1001 1906 eaquepropter
1033 1850 1246 1904 superficies
1283 1851 1362 1905 eius
1401 1862 1461 1891 re-

145 1911 309 1965 spectiue
345 1913 486 1963 maior,
522 1912 611 1954 hinc
631 1916 748 1955 calori
782 1917 978 1969 perdendo
1012 1916 1151 1968 aptior.

266 1981 309 2025 4)
343 1976 414 2016 Per
447 1974 593 2017 Clariff.
633 1978 783 2019 Krafftii
817 1981 1087 2032 experimenta
1122 1980 1160 2018 in
1195 1975 1278 2019 diff.
1315 1978 1362 2018 de
1397 1990 1461 2019 ca-

148 2038 229 2078 lore
263 2049 302 2078 et
336 2038 472 2092 frigore
505 2043 621 2083 etiam
656 2043 854 2094 stabilitur,
888 2043 1055 2083 calorem
1090 2055 1141 2082 ex
1160 2042 1278 2098 fluido
1311 2054 1362 2082 eo
1387 2052 1465 2083 tar-

146 2103 229 2144 dius
263 2102 434 2157 aufugere
453 2138 463 2158 ,
497 2119 575 2161 quo
608 2108 726 2162 magis
757 2108 903 2147 accedit
937 2107 1044 2149 calor
1077 2106 1182 2149 fluidi
1215 2108 1263 2150 ad
1295 2106 1465 2148 calorem

743 2173 786 2214 X
824 2184 848 2209 2
1341 2178 1470 2212 atmo-
