1820 2506
371 194 467 233 2166
655 189 739 234 DE
764 183 1140 252 QVANTlTATE
1173 185 1440 243 cumam,

373 308 453 352 bus'
473 309 637 365 physicis
669 310 779 351 omni
817 322 906 350 cura
939 317 978 349 et
1013 315 1194 361 quantum
1229 307 1399 360 poffibile
1431 303 1507 349 esse
1536 306 1682 362 fugien-

374 376 438 416 das
455 407 466 427 ,
502 374 874 426 circumstantiasque
914 383 1049 412 omnes
1081 373 1121 412 in
1159 370 1402 423 singularibus
1439 372 1579 413 casibus
1628 380 1685 411 at-

374 438 593 480 tendendas.
660 437 802 489 Neque
833 436 976 476 mirum
1014 434 1067 475 est
1091 448 1159 475 cur
1175 433 1309 475 calculi
1342 434 1546 487 saepissune
1579 447 1686 488 egre-

373 503 426 556 gii
464 502 582 543 nimia
625 499 992 540 circumstantiarum
1041 499 1233 539 variarum
1267 497 1569 539 accumulatione
1601 507 1686 538 tan-

373 575 459 607 turn
492 578 572 606 non
615 563 763 618 prorsus
797 563 946 603 inutiles
974 562 1086 603 fiant.
1153 562 1221 604 Ne
1236 572 1366 603 tamen
1391 562 1432 602 in
1450 561 1585 603 nostris
1615 574 1688 604 ex·

374 629 599 686 perimentis
633 637 692 667 tot
716 626 875 667 cautelis
909 640 1005 681 opus
1037 627 1241 667 habeamus
1258 658 1270 677 ,

528 688 660 746 Maffa
700 692 946 732 examinanda
993 692 1108 731 maior
1146 691 1194 747 est
1235 689 1400 743 eligenda
1426 722 1437 741 ,
1488 701 1565 743 quo
1606 686 1690 730 casti

375 758 416 799 in
448 756 649 797 interuallo
679 756 890 808 temporis,
926 768 1012 809 quo
1045 756 1358 807 experimentum
1401 752 1502 793 finiri
1535 753 1661 807 potest
1678 784 1690 805 ,

375 822 513 862 caloris
555 821 840 860 decrementum
873 819 954 859 erit
984 818 1196 859 'insensibile
1230 827 1278 858 ‘et
1311 818 1477 857 cautelae
1517 817 1691 872 praeced.

374 886 413 935 ᾗ.
452 898 488 925 n.
550 897 650 922 102.
676 894 714 931 3.
737 898 779 933 4.
807 894 845 932 5.
867 886 972 932 6.¹7.
1001 890 1037 924 8.
1090 881 1323 922 euanescent.

519 948 561 996 -ξ
589 961 655 998 14.
694 945 919 988 Generatim
952 947 1015 986 hic
1049 948 1174 986 notari
1205 945 1335 998 potest
1359 946 1397 984 in
1416 944 1695 999 experimentis

373 1011 578 1066 physicis.¹>
612 1013 651 1051 in
673 1008 844 1051 formulis
864 1043 873 1062 ,
900 1009 1086 1050 mensuris
1104 1010 1165 1049 vel
1180 1009 1411 1063 ponderibus
1429 1010 1493 1048 vel
1510 1009 1695 1062 potentiis

372 1076 585 1129 incognitis
609 1075 836 1127 2&tegendis
869 1073 1168 1125 inseruientibus,
1188 1068 1335 1112 tannim
1354 1073 1590 1126 nonsemper
1623 1083 1696 1125 pro

369 1140 544 1192 'cognitis
571 1138 763 1190 eligendas
795 1134 879 1175 aeffe
899 1138 1069 1177 maiores
1096 1149 1314 1189 acor-porum
1337 1135 1532 1176 mensuras
1550 1168 1561 1187 ,
1596 1148 1697 1189 pon-

379 1204 468 1243 dera
507 1200 575 1241 -vel
612 1200 810 1254 :potentias
829 1233 840 1251 ,
872 1213 954 1253 quo
990 1200 1076 1240 :casu
1117 1199 1145 1240 fi
1179 1201 1223 1239 in
1259 1196 1418 1239 ‘exceffu
1451 1199 1516 1238 vel
1549 1198 1697 1238 defectu

379 1266 663 1322 peccauerinms
699 1263 892 1317 paululum
934 1265 973 1303 in
1015 1263 1278 1317 exprimendis
1320 1262 1485 1315 cognitis
1527 1275 1596 1315 per
1628 1274 1698 1302 ex-

381 1330 610 1386 perientiam
644 1328 939 1382 quantitatibus,
969 1328 1079 1382 quod
1098 1326 1211 1367 sacile
1226 1326 1309 1366 fieri
1339 1326 1468 1379 potest
1487 1359 1497 1378 ,
1533 1325 1698 1366 defedtus

383 1394 448 1436 ille
482 1393 546 1434 vel
571 1390 751 1433 excessus
785 1392 1063 1444 multiplicatus
1090 1390 1160 1430 sec.
1191 1389 1399 1430 formulam
1433 1402 1512 1430 non
1541 1389 1639 1443 parit
1657 1391 1697 1429 in

382 1458 700 1500 determinatione
734 1456 1022 1508 incognitorum
1055 1464 1201 1495 tantam
1235 1457 1257 1495 a
1273 1466 1371 1494 vero
1390 1454 1696 1507 discrepantiam,

383 1535 499 1577 quam
540 1521 567 1562 si
599 1521 768 1561 minores
800 1520 1026 1572 quantitates
1056 1519 1209 1571 elegeris
1250 1527 1289 1558 et
1331 1518 1493 1558 eundem
1528 1529 1697 1558 errorem

383 1588 424 1629 in
459 1582 612 1627 exceffu
647 1583 712 1623 vel
746 1582 892 1623 defectu
935 1581 1178 1623 commiseris.

535 1647 736 1690 Eiusmodi
770 1659 860 1699 ergo
895 1646 996 1699 leges
1029 1645 1201 1696 seru-abo,
1235 1644 1264 1685 fi
1297 1645 1407 1685 nouis
1452 1644 1699 1697 experimen-

388 1713 435 1753 tis
455 1713 494 1752 in
511 1712 743 1765 temperiem
762 1711 977 1750 mixtorum
994 1709 1221 1763 inquisiuero
1241 1741 1251 1760 ,
1285 1709 1389 1762 quod
1404 1721 1517 1759 nunc>
1537 1709 1622 1761 quia
1641 1709 1699 1747 in-

386 1777 605 1818 strumentis
638 1774 858 1816 commodis
890 1786 1022 1825 careo,
1052 1773 1208 1815 differre
1248 1785 1371 1825 cogor
1390 1806 1399 1824 ‚
1435 1772 1538 1812 breui
1568 1781 1700 1812 tamen

388 1841 528 1895 exequi
562 1841 708 1880 animus
749 1838 801 1878 est
837 1838 882 1878 ad
915 1839 1166 1891 cogitationes
1198 1848 1300 1877 meas
1333 1836 1381 1876 de
1418 1835 1543 1878 calore
1578 1844 1616 1873 et
1633 1833 1699 1874 fri-

389 1917 483 1959 gore
539 1906 755 1946 mixtorum
803 1901 1050 1955 perficiendas
1090 1911 1129 1941 et
1169 1901 1215 1940 ad
1254 1899 1458 1940 formulam
1491 1912 1620 1940 meam
1654 1899 1700 1939 de

387 1969 516 2010 calore
556 1969 773 2009 mixtorum
813 1966 835 2006 a
875 1966 1077 2019 posteriori
1117 1963 1432 2005 confirmandam.

540 2033 574 2080 ξ.
602 2042 667 2080 15.
705 2028 912 2071 Coronidis
946 2029 1038 2070 loco
1070 2039 1265 2082 apponere
1295 2027 1405 2066 liceat
1437 2027 1514 2066 duo
1546 2027 1699 2081 sequen-

389 2097 447 2140 ria
478 2095 717 2151 problemata
753 2106 806 2134 ex
839 2105 925 2135 mea
956 2093 1119 2134 formula
1148 2089 1255 2132 facile
1295 2089 1404 2145 posse
1433 2091 1578 2132 resolui.

1663 2153 1699 2195 Ι.
