1820 2506
340 141 371 182 6
506 135 590 179 DE
623 131 958 179 SVPERFICIE
990 129 1203 180 CONORNJ
1239 131 1484 179 SCALEN.

342 263 548 312 propterea
580 269 694 296 curua
727 269 806 310 ope
839 253 1127 296 rectificationis
1168 252 1301 293 circuli
1338 253 1446 294 facile
1486 252 1659 294 constru-

342 330 432 364 itur.
499 320 731 360 Attendenti
764 330 893 360 autem
927 319 1051 359 statim
1086 317 1230 371 patebit
1264 316 1362 358 hanc
1396 331 1551 360 curuam
1570 330 1659 358 ean-

344 385 435 429 dem
468 383 545 424 effe
562 416 574 437 ,
609 397 725 438 quam
756 383 1016 437 Varignonius
1048 381 1216 421 tradidit.

496 449 530 497 ξ.
572 458 611 497 5.
648 446 690 488 Si
723 447 822 488 hanc
855 445 1093 499 superficiem
1126 446 1306 485 conicam
1338 458 1408 499 per
1424 446 1663 499 quadraturas

347 524 549 557 cumarum
581 513 801 566 exprimere
834 511 995 551 velimus
1014 542 1025 561 ,
1059 510 1098 550 id
1142 510 1296 563 quidem
1337 509 1494 549 infinitis
1535 510 1663 550 modis

347 585 428 622 tam
462 589 532 631 per
563 587 696 616 curuas
728 573 952 627 algebraicas
985 586 1100 627 quam
1135 573 1438 614 transcendentes
1471 572 1549 613 fine
1581 573 1664 613 vllo

347 641 508 695 negotio
542 639 625 680 fieri
659 635 797 692 poffet.
865 638 1013 678 Verum
1049 640 1124 678 iam
1159 639 1310 690 pridem
1336 637 1471 679 summi
1490 635 1664 679 Geome-

347 714 428 748 trae
460 701 762 745 construitiones
796 702 1083 756 problematum
1117 702 1465 742 transcendentium
1499 713 1594 755 quae
1619 699 1666 740 fi-

348 778 415 811 ant
450 781 520 822 per
560 766 858 808 testificationes
900 778 1101 806 cumarum
1136 767 1338 819 praecipue
1356 765 1667 819 algcbraicarum‚

348 832 421 874 illis
454 843 549 886 quae
582 844 652 885 per
684 831 925 884 quadraturas
958 828 1177 869 efficiuntur
1196 861 1207 880 ,
1242 830 1360 883 longe
1392 829 1667 870 antetulerunt:

349 909 442 937 cum
477 895 620 936 filcilius
652 893 697 934 fit
730 894 1013 946 longitudinem
1049 894 1228 948 cuiusque
1261 893 1384 934 lineae
1423 905 1562 934 curuae
1602 892 1669 933 sal·

350 969 434 1001 tem
485 960 670 1013 proxime
727 958 899 1012 prastice
957 956 1135 1013 assignare
1161 990 1172 1009 ‚
1224 970 1340 1012 quam
1398 958 1477 999 eius
1527 968 1669 998 aream.

350 1023 665 1068 Hancobcaufam
698 1034 747 1064 eo
781 1032 961 1077 tempore
979 1055 990 1074 ,
1024 1034 1102 1077 quo
1119 1021 1203 1063 'ista
1236 1021 1403 1076 quaestio
1436 1034 1476 1062 m
1517 1019 1670 1062 Miscel,

352 1087 469 1132 laneis
502 1085 592 1128 Soc.
631 1087 777 1139 Regiae
817 1086 870 1128 est
921 1087 1060 1140 agitata
1110 1082 1241 1127 Celeb.
1286 1086 1546 1139 Varignonius
1588 1097 1670 1125 non

352 1165 489 1209 parum
522 1148 743 1205 praestitiffe
773 1152 916 1193 merito
949 1150 1002 1193 est
1042 1148 1139 1191 visus
1157 1183 1167 1203 ,
1208 1150 1313 1204 quod
1354 1149 1673 1203 explanationem

353 1215 565 1271 superficiei
596 1216 756 1255 conicae
789 1214 959 1255 scalenae
992 1214 1038 1254 ad
1071 1212 1394 1255 rectificationem
1428 1212 1547 1253 lineae
1585 1224 1674 1253 cur-

356 1290 431 1326 vae
462 1279 658 1320 reduxerit
676 1310 687 1330 ,
720 1278 826 1320 cuius
860 1276 1096 1320 constructio
1128 1290 1207 1333 ope
1223 1276 1509 1319 rec'tificationis
1540 1274 1675 1317 circuli

356 1352 439 1386 tam
470 1342 580 1384 facile
612 1342 789 1397 expediri
823 1341 948 1396 posfit.
1016 1341 1189 1384 Maximi
1223 1350 1352 1381 autem
1384 1341 1463 1381 fine
1479 1339 1596 1381 dubio
1621 1338 1675 1379 es-

356 1406 409 1449 fiet
442 1405 671 1447 aestimanda
703 1404 841 1445 solutio
875 1404 1064 1445 Leibnizii
1083 1437 1094 1457 ,
1128 1417 1202 1459 qua
1242 1404 1345 1445 idem
1363 1437 1374 1457 ,
1418 1404 1524 1457 quod
1563 1403 1674 1443 Vari-

358 1471 524 1525 gnonius
543 1502 553 1521 ,
589 1480 657 1522 per
690 1481 846 1510 curu-am
863 1468 1112 1522 algebraicam
1131 1469 1243 1522 idque
1275 1481 1349 1523 pro
1381 1467 1562 1509 omnibus
1587 1479 1674 1508 om-

359 1535 454 1576 nino
486 1531 750 1588 superficiebus
784 1532 930 1573 conicis
963 1531 1146 1587 praestitit
1164 1565 1174 1584 ,
1209 1531 1277 1573 nifi
1310 1532 1363 1572 ob
1394 1543 1562 1572 errorem
1588 1539 1681 1572 ante

359 1607 621 1644 memoratum
654 1596 720 1638 vsu
751 1605 908 1637 careret.
977 1595 1096 1639 Nunc
1128 1605 1256 1637 autem
1276 1629 1286 1648 ,
1321 1595 1521 1652 postquam
1541 1608 1561 1634 a
1578 1595 1675 1637 Her-

361 1674 509 1705 manno
542 1660 751 1706 methodus
783 1659 959 1702 latisfime
993 1669 1129 1714 patens
1162 1660 1215 1702 est
1248 1660 1404 1701 inuenta
1436 1660 1677 1714 quadraturas

362 1728 541 1771 omnium
573 1737 773 1771 curuarum
807 1725 853 1764 ad
885 1723 1179 1765 rectificationes
1212 1737 1412 1766 cumarum
1452 1722 1692 1782 algebraica3

363 1802 449 1836 tum
467 1787 672 1835 reuocandi
691 1822 702 1841 ,
736 1788 811 1828 fere
828 1787 906 1828 fine
941 1787 1024 1833 vllo
1058 1789 1218 1842 negotio
1235 1787 1370 1844 scopus
1387 1821 1398 1840 ,
1434 1800 1547 1842 quem
1565 1787 1678 1828 Vari-

363 1855 528 1909 gnonius
559 1862 600 1893 et
633 1850 847 1898 Leibnitius
879 1852 946 1893 fibi
980 1852 1255 1906 proposuerant
1273 1885 1283 1904 ,
1317 1852 1481 1893 obtineri
1518 1851 1680 1905 poterit.

377 1911 380 1913 ’
517 1918 551 1971 ξ.
572 1919 614 1956 6.
632 1915 680 1962 In
699 1915 801 1961 hunc
820 1914 940 1957 finem
960 1916 1199 1958 eliminemus
1214 1928 1265 1957 ex
1281 1914 1446 1958 formula
1461 1916 1615 1957 inuenta
1631 1921 1679 1963 {a

354 1977 900 2041 sduV(b,b—†-.(ccosu——a
926 1974 963 2034 ²)
999 1981 1249 2034 quintltatem
1265 1981 1595 2022 transcendentem
1628 1992 1679 2031 u,

367 2047 553 2107 ponendo
586 2044 757 2086 cosmum
790 2044 917 2098 anguli
951 2057 1068 2085 uzz
1086 2077 1096 2092 ,
1132 2045 1184 2084 ita
1217 2052 1261 2084 vt
1278 2077 1290 2097 ,
1324 2045 1442 2085 ducto
1475 2055 1528 2084 ex
1561 2042 1608 2084 M
1634 2043 1681 2084 ad

1537 2108 1682 2150 diame-
