1820 2506
891 145 924 205 )(
967 156 1025 200 34
1057 145 1091 205 i(

340 274 434 317 gnus
450 258 685 303 Leibnitzius
702 261 935 303 additionem
967 262 1206 302 subiunxerat
1224 290 1235 310 ,
1269 259 1307 300 in
1340 269 1412 315 qua
1445 260 1548 302 idem
1579 274 1648 303 ne-

340 327 490 380 gotium
522 338 591 379 per
621 325 941 367 rectificationem
976 337 1109 365 cuniae
1142 320 1388 375 Algebraicae
1420 325 1564 365 soluere
1582 338 1647 366 an-

339 390 436 430 nisus
483 388 599 429 fuerat
616 421 627 440 ,
674 389 841 443 sphalma
881 398 1009 429 autem
1027 420 1038 439 ,
1073 388 1178 440 quod
1218 386 1256 425 in
1289 385 1515 429 solutionem
1548 388 1648 430 hanc

339 452 497 505 ingenio
537 449 810 493 Leibnitziano
851 448 936 492 alias
968 449 1225 503 dignissimam
1265 460 1304 489 et
1338 452 1510 492 maxime
1543 452 1650 492 aesti-

340 516 517 556 mandam
536 548 547 568 ,
590 515 861 557 inaduertentia
909 514 983 554 viri
1033 513 1120 554 alias
1167 512 1384 567 sagacissimi
1431 515 1622 568 irrepserat
1637 547 1652 568 ,

337 579 443 619 inam
477 579 655 620 inutilem
689 580 803 633 plane
834 578 1062 618 reddiderat.

457 648 699 703 Propositum
732 649 847 702 igitur
888 648 957 688 fuit
989 645 1071 688 Cel.
1108 647 1254 689 Eulero
1272 680 1284 700 ‚
1317 647 1560 703 superficiem
1584 661 1653 689 co.-

340 711 383 752 ni
413 711 578 764 scaleni,
612 725 690 767 ope
721 711 1004 753 reffificadonss
1035 711 1156 752 lineae
1190 712 1419 765 algebraicae
1451 712 1653 766 exhibere;

342 788 464 830 porro
483 808 494 828 ,
528 776 842 830 explanationem
873 774 1081 829 superficiei
1116 776 1366 830 cuiuscunque
1399 789 1469 829 per
1509 776 1652 816 lineam

342 851 498 880 curuam
530 839 778 892 algebraicam
810 838 1000 880 absoluere
1017 872 1029 892 ,
1064 848 1102 878 et
1134 838 1282 892 lapsum
1315 841 1453 879 summi
1473 839 1654 880 emenda·

341 915 383 942 re
415 902 634 943 Leibnitzii.
700 902 747 944 Id
783 903 889 957 quod.
918 902 1065 943 abunde
1104 903 1290 956 praestitit
1310 936 1321 955 ,
1356 903 1447 944 dum
1479 915 1561 943 non
1593 903 1653 951 so·

340 964 421 1006 lum
441 966 588 1006 fontem
621 967 742 1020 aperit
760 979 781 1007 e
799 979 878 1021 quo
911 965 1144 1006 constructio
1177 979 1314 1007 curuae
1348 966 1652 1020 Varignonianae

340 1026 454 1081 fluit,
489 1029 553 1069 sed.
581 1038 617 1069 et
668 1028 860 1071 methodo
911 1029 1197 1071 Hermanniaria
1249 1031 1364 1071 docet
1381 1062 1392 1082 ,
1451 1030 1655 1084 quomodo

337 1089 471 1146 sc'opus
488 1124 500 1144 ,
540 1105 656 1146 quem
698 1093 955 1147 Varignonius
996 1104 1036 1134 et
1078 1093 1310 1134 Leibnitzius
1347 1094 1413 1135 fibi
1445 1093 1656 1147 proposue-

337 1166 426 1198 runt
443 1189 460 1208 ,.
489 1156 653 1197 obtineri
686 1155 829 1210 poffit,
864 1166 901 1197 et
924 1157 1014 1197 loco
1046 1169 1203 1210 cuniae,
1235 1158 1336 1197 cuius
1368 1169 1474 1198 arcus
1499 1156 1657 1210 superfi-

342 1220 419 1259 cieit
465 1220 629 1259 tonicae·
672 1231 753 1260 norr
802 1220 854 1259 est
884 1221 1187 1273 proportionalis
1204 1253 1215 1271 ‚
1267 1221 1327 1260 sed
1367 1221 1430 1273 qui
1468 1230 1656 1274 perpetuo

342 1283 502 1336 quadam
544 1283 756 1335 quantitate
788 1281 991 1335 algebraica
1022 1284 1147 1336 augeri
1189 1292 1254 1323 aut
1285 1284 1412 1323 minui
1444 1283 1582 1335 debet,
1616 1296 1658 1323 a·

340 1345 433 1386 liam
467 1344 636 1397 assignari
670 1346 811 1397 docet,
845 1357 941 1398 quae
973 1345 1051 1385 sine
1081 1344 1239 1385 assumta
1272 1345 1343 1385 alia
1376 1348 1583 1400 quantitate
1599 1348 1656 1388 su-

340 1408 513 1463 perficiei
548 1408 705 1448 conicae
738 1409 960 1462 portionem
994 1409 1162 1462 quamuis
1193 1409 1384 1449 metiatur.

457 1483 665 1537 Expeditis
703 1482 753 1523 fic
787 1482 897 1522 conis
921 1481 1082 1534 scalenis,
1102 1494 1221 1522 conos
1255 1495 1501 1536 quoscunque
1533 1482 1653 1523 confi-

345 1548 474 1599 derat,
508 1547 573 1600 qui
606 1547 817 1586 formantur
850 1546 944 1586 dum
979 1544 1079 1585 linea
1112 1545 1215 1585 rec‘ta
1248 1558 1318 1599 per
1351 1548 1534 1586 verticem
1568 1559 1654 1599 per«

341 1621 461 1665 petuo
503 1610 709 1663 transitus,
749 1610 848 1648 circa
888 1609 1028 1649 lineam
1086 1622 1351 1662 quamcunque
1406 1610 1652 1650 circumduci-

341 1685 431 1726 tur,
480 1673 690 1727 harumque
730 1671 967 1727 iuperficiem
987 1704 999 1724 ,
1040 1673 1151 1713 variis
1191 1673 1322 1714 modis
1348 1674 1511 1714 inueniri
1543 1672 1653 1728 poffe

341 1739 471 1780 dccet..

456 1801 635 1842 Tandem
676 1799 998 1842 constriiffioiiem
1020 1799 1320 1841 Leibnitziaiiam
1343 1801 1653 1854 elegantissimam

339 1866 546 1906 emendare
580 1866 792 1918 aggreditur
811 1897 821 1916 ,
855 1866 894 1904 in
912 1877 990 1917 quo
1023 1864 1201 1916 peculiari
1227 1866 1347 1905 modo
1380 1866 1581 1918 procedit,
1616 1874 1657 1906 et

338 1929 411 1970 fiiie
445 1928 705 1981 demonstrat,
740 1941 819 1969 iion
850 1927 971 1968 solum
1012 1929 1211 1981 quomodo
1240 1928 1303 1967 illa
1338 1929 1561 1969 inuenienda
1595 1929 1651 1980 sit,

337 1992 401 2033 sed
435 2002 492 2044 et,
512 1992 620 2046 quod
656 1993 905 2046 praecipuum
939 2000 1017 2030 erat
1037 2023 1048 2041 ‚
1081 2004 1233 2030 curnam
1251 1991 1550 2034 Leibnitzianam
1568 1992 1594 2032 fi
1611 1993 1652 2032 in

336 2057 482 2099 meritam
530 2056 753 2112 quampiam
794 2055 1029 2098 constantem
1062 2054 1246 2109 ducatur,
1280 2056 1458 2111 praebere
1497 2055 1651 2110 superfi-

1543 2132 1650 2162 clem
