<?xml version="1.0" encoding="UTF-8"?>
<!DOCTYPE html PUBLIC "-//W3C//DTD XHTML 1.0 Transitional//EN"
    "http://www.w3.org/TR/xhtml1/DTD/xhtml1-transitional.dtd">
<html xmlns="http://www.w3.org/1999/xhtml" xml:lang="en" lang="en">
 <head>
  <title>
</title>
<meta http-equiv="Content-Type" content="text/html;charset=utf-8" />
  <meta name='ocr-system' content='tesseract 3.04.00' />
  <meta name='ocr-capabilities' content='ocr_page ocr_carea ocr_par ocr_line ocrx_word'/>
</head>
<body>
  <div class='ocr_page' id='page_1' title='image "./novicommentariac01impe_0204.png"; bbox 0 0 1820 2506; ppageno 0'>
   <div class='ocr_carea' id='block_1_1' title="bbox 390 194 1303 250">
    <p class='ocr_par' dir='ltr' id='par_1_1' title="bbox 390 194 1303 250">
     <span class='ocr_line' id='line_1_1' title="bbox 390 194 1303 250; baseline 0.001 -19"><span class='ocrx_word' id='word_1_1' title='bbox 390 194 478 231; x_wconf 85' lang='lat'><strong>106</strong></span> <span class='ocrx_word' id='word_1_2' title='bbox 774 195 1008 250; x_wconf 60' lang='grc' dir='ltr'><strong>ωξεξζὲζεξω</strong></span> <span class='ocrx_word' id='word_1_3' title='bbox 1026 206 1053 236; x_wconf 92' lang='lat'>0</span> <span class='ocrx_word' id='word_1_4' title='bbox 1072 195 1303 250; x_wconf 45' lang='grc' dir='ltr'><strong>ωᾲεξξὲζξς..</strong></span> 
     </span>
    </p>
   </div>
   <div class='ocr_carea' id='block_1_2' title="bbox 517 305 1573 374">
    <p class='ocr_par' dir='ltr' id='par_1_2' title="bbox 517 305 1573 374">
     <span class='ocr_line' id='line_1_2' title="bbox 517 305 1573 374; baseline 0.01 -10"><span class='ocrx_word' id='word_1_5' title='bbox 517 305 875 369; x_wconf 89' lang='grc' dir='ltr'>ΕΧΑΜΕΝ</span> <span class='ocrx_word' id='word_1_6' title='bbox 918 307 1290 369; x_wconf 85' lang='lat' dir='ltr'>ARTIFICII</span> <span class='ocrx_word' id='word_1_7' title='bbox 1331 310 1573 374; x_wconf 91' lang='lat' dir='ltr'>NAVIS</span> 
     </span>
    </p>
   </div>
   <div class='ocr_carea' id='block_1_3' title="bbox 386 403 1700 643">
    <p class='ocr_par' dir='ltr' id='par_1_3' title="bbox 386 403 1700 643">
     <span class='ocr_line' id='line_1_3' title="bbox 386 403 1700 457; baseline 0.007 -8"><span class='ocrx_word' id='word_1_8' title='bbox 386 405 426 449; x_wconf 90' lang='lat' dir='ltr'>A</span> <span class='ocrx_word' id='word_1_9' title='bbox 454 403 736 451; x_wconf 84' lang='lat' dir='ltr'>PRINCIPIO</span> <span class='ocrx_word' id='word_1_10' title='bbox 771 405 967 450; x_wconf 86' lang='lat' dir='ltr'>MOTVS</span> <span class='ocrx_word' id='word_1_11' title='bbox 1003 407 1069 449; x_wconf 91' lang='lat' dir='ltr'><strong>IN</strong></span> <span class='ocrx_word' id='word_1_12' title='bbox 1071 406 1274 450; x_wconf 88' lang='lat' dir='ltr'>TERNO</span> <span class='ocrx_word' id='word_1_13' title='bbox 1308 409 1700 457; x_wconf 85' lang='lat' dir='ltr'>PROPELLENDI</span> 
     </span>
     <span class='ocr_line' id='line_1_4' title="bbox 657 473 1440 520; baseline 0.005 -9"><span class='ocrx_word' id='word_1_14' title='bbox 657 474 796 519; x_wconf 87' lang='lat' dir='ltr'><strong>QVOD</strong></span> <span class='ocrx_word' id='word_1_15' title='bbox 811 473 1058 520; x_wconf 80' lang='lat' dir='ltr'><strong>QVONDAM</strong></span> <span class='ocrx_word' id='word_1_16' title='bbox 1074 474 1137 512; x_wconf 85' lang='lat' dir='ltr'><strong>AB</strong></span> <span class='ocrx_word' id='word_1_17' title='bbox 1153 473 1440 515; x_wconf 84' lang='lat' dir='ltr'>ACVTISSIMO</span> 
     </span>
     <span class='ocr_line' id='line_1_5' title="bbox 586 535 1490 585; baseline 0.009 -8"><span class='ocrx_word' id='word_1_18' title='bbox 586 536 750 580; x_wconf 88' lang='lat' dir='ltr'>VIRO</span> <span class='ocrx_word' id='word_1_19' title='bbox 799 535 1051 580; x_wconf 84' lang='lat' dir='ltr'>IACOBO</span> <span class='ocrx_word' id='word_1_20' title='bbox 1100 536 1490 585; x_wconf 87' lang='lat' dir='ltr'>BERNOVLLI</span> 
     </span>
     <span class='ocr_line' id='line_1_6' title="bbox 843 602 1261 643; baseline 0.005 -2"><span class='ocrx_word' id='word_1_21' title='bbox 843 602 932 641; x_wconf 92' lang='lat' dir='ltr'><strong>EST</strong></span> <span class='ocrx_word' id='word_1_22' title='bbox 959 603 1261 643; x_wconf 82' lang='lat' dir='ltr'>PROPOSITVM</span> 
     </span>
    </p>
   </div>
   <div class='ocr_carea' id='block_1_4' title="bbox 878 685 1205 797">
    <p class='ocr_par' dir='ltr' id='par_1_4' title="bbox 878 685 1205 797">
     <span class='ocr_line' id='line_1_7' title="bbox 927 685 1168 723; baseline 0 0"><span class='ocrx_word' id='word_1_23' title='bbox 927 685 1168 723; x_wconf 84' lang='lat' dir='ltr'>AVCTORE</span> 
     </span>
     <span class='ocr_line' id='line_1_8' title="bbox 878 752 1205 797; baseline -0.003 -2"><span class='ocrx_word' id='word_1_24' title='bbox 878 752 928 795; x_wconf 87' lang='lat' dir='ltr'><strong>L.</strong></span> <span class='ocrx_word' id='word_1_25' title='bbox 961 752 1205 797; x_wconf 80' lang='lat' dir='ltr'><strong><em>EVLERO.</em></strong></span> 
     </span>
    </p>
   </div>
   <div class='ocr_carea' id='block_1_5' title="bbox 983 871 1100 921">
    <p class='ocr_par' dir='ltr' id='par_1_5' title="bbox 983 871 1100 921">
     <span class='ocr_line' id='line_1_9' title="bbox 983 871 1100 921; baseline 0.009 -10"><span class='ocrx_word' id='word_1_26' title='bbox 983 871 1019 921; x_wconf 75' lang='grc' dir='ltr'><strong>ς.</strong></span> <span class='ocrx_word' id='word_1_27' title='bbox 1062 884 1100 912; x_wconf 83' lang='lat'><strong>1.</strong></span> 
     </span>
    </p>
   </div>
   <div class='ocr_carea' id='block_1_6' title="bbox 370 954 1698 2206">
    <p class='ocr_par' dir='ltr' id='par_1_6' title="bbox 434 954 1698 1012">
     <span class='ocr_line' id='line_1_10' title="bbox 434 954 1698 1012; baseline 0.008 -21"><span class='ocrx_word' id='word_1_28' title='bbox 434 964 458 991; x_wconf 89' lang='lat' dir='ltr'><strong>n</strong></span> <span class='ocrx_word' id='word_1_29' title='bbox 508 954 691 1007; x_wconf 87' lang='lat' dir='ltr'>operibus</span> <span class='ocrx_word' id='word_1_30' title='bbox 739 954 862 998; x_wconf 84' lang='lat' dir='ltr'><strong>Iacobi</strong></span> <span class='ocrx_word' id='word_1_31' title='bbox 911 954 1107 999; x_wconf 81' lang='lat' dir='ltr'><strong>Bernoullii</strong></span> <span class='ocrx_word' id='word_1_32' title='bbox 1123 989 1135 1008; x_wconf 87' lang='lat'>,</span> <span class='ocrx_word' id='word_1_33' title='bbox 1179 967 1274 1011; x_wconf 85' lang='lat' dir='ltr'><strong>quae</strong></span> <span class='ocrx_word' id='word_1_34' title='bbox 1316 957 1526 1012; x_wconf 88' lang='lat' dir='ltr'><strong>praeterito</strong></span> <span class='ocrx_word' id='word_1_35' title='bbox 1574 956 1698 1001; x_wconf 89' lang='lat' dir='ltr'><strong>Anno</strong></span> 
     </span>
    </p>

    <p class='ocr_par' dir='ltr' id='par_1_7' title="bbox 371 1014 1695 1839">
     <span class='ocr_line' id='line_1_11' title="bbox 464 1014 1694 1076; baseline 0.005 -18"><span class='ocrx_word' id='word_1_36' title='bbox 464 1014 648 1059; x_wconf 79' lang='lat' dir='ltr'><strong>Geneuae</strong></span> <span class='ocrx_word' id='word_1_37' title='bbox 688 1019 770 1062; x_wconf 88' lang='lat' dir='ltr'><strong>sunt</strong></span> <span class='ocrx_word' id='word_1_38' title='bbox 811 1020 911 1061; x_wconf 78' lang='lat' dir='ltr'><strong>edita</strong></span> <span class='ocrx_word' id='word_1_39' title='bbox 929 1053 940 1073; x_wconf 87' lang='lat'>‚</span> <span class='ocrx_word' id='word_1_40' title='bbox 983 1033 1071 1075; x_wconf 81' lang='lat' dir='ltr'><strong>pag.</strong></span> <span class='ocrx_word' id='word_1_41' title='bbox 1121 1033 1237 1070; x_wconf 90' lang='lat'>1109</span> <span class='ocrx_word' id='word_1_42' title='bbox 1277 1022 1468 1076; x_wconf 81' lang='lat' dir='ltr'><strong>reperitur</strong></span> <span class='ocrx_word' id='word_1_43' title='bbox 1514 1022 1694 1064; x_wconf 77' lang='lat' dir='ltr'><strong>insertum</strong></span> 
     </span>
     <span class='ocr_line' id='line_1_12' title="bbox 380 1081 1695 1140; baseline 0.005 -19"><span class='ocrx_word' id='word_1_44' title='bbox 380 1081 606 1122; x_wconf 82' lang='lat' dir='ltr'>schediasma</span> <span class='ocrx_word' id='word_1_45' title='bbox 625 1116 635 1135; x_wconf 79' lang='lat'>‚</span> <span class='ocrx_word' id='word_1_46' title='bbox 671 1085 732 1124; x_wconf 89' lang='lat' dir='ltr'><strong>cui</strong></span> <span class='ocrx_word' id='word_1_47' title='bbox 765 1084 829 1124; x_wconf 89' lang='lat' dir='ltr'><strong>hic</strong></span> <span class='ocrx_word' id='word_1_48' title='bbox 864 1084 993 1125; x_wconf 85' lang='lat' dir='ltr'><strong>titulus</strong></span> <span class='ocrx_word' id='word_1_49' title='bbox 1035 1084 1090 1126; x_wconf 93' lang='lat' dir='ltr'><strong>est</strong></span> <span class='ocrx_word' id='word_1_50' title='bbox 1128 1084 1349 1140; x_wconf 82' lang='lat' dir='ltr'><strong>praefixus:</strong></span> <span class='ocrx_word' id='word_1_51' title='bbox 1384 1086 1595 1136; x_wconf 76' lang='lat' dir='ltr'><strong>Artzficium</strong></span> <span class='ocrx_word' id='word_1_52' title='bbox 1625 1088 1695 1127; x_wconf 82' lang='lat' dir='ltr'><strong>im-</strong></span> 
     </span>
     <span class='ocr_line' id='line_1_13' title="bbox 374 1144 1693 1205; baseline 0.006 -22"><span class='ocrx_word' id='word_1_53' title='bbox 374 1144 528 1198; x_wconf 80' lang='lat' dir='ltr'><strong>pellendi</strong></span> <span class='ocrx_word' id='word_1_54' title='bbox 561 1158 688 1186; x_wconf 74' lang='lat' dir='ltr'><strong>nauem</strong></span> <span class='ocrx_word' id='word_1_55' title='bbox 721 1160 746 1187; x_wconf 86' lang='lat' dir='ltr'><em>a</em></span> <span class='ocrx_word' id='word_1_56' title='bbox 758 1149 936 1202; x_wconf 79' lang='lat' dir='ltr'><strong>principio</strong></span> <span class='ocrx_word' id='word_1_57' title='bbox 953 1155 1063 1189; x_wconf 81' lang='lat' dir='ltr'><strong>motus</strong></span> <span class='ocrx_word' id='word_1_58' title='bbox 1095 1149 1197 1189; x_wconf 82' lang='lat' dir='ltr'><strong>intra</strong></span> <span class='ocrx_word' id='word_1_59' title='bbox 1228 1145 1341 1204; x_wconf 67' lang='lat' dir='ltr'><strong>ipsam</strong></span> <span class='ocrx_word' id='word_1_60' title='bbox 1373 1161 1502 1191; x_wconf 84' lang='lat' dir='ltr'><strong>nauem</strong></span> <span class='ocrx_word' id='word_1_61' title='bbox 1519 1146 1693 1205; x_wconf 68' lang='lat' dir='ltr'><strong>concl1ff03</strong></span> 
     </span>
     <span class='ocr_line' id='line_1_14' title="bbox 378 1207 1694 1264; baseline 0.006 -18"><span class='ocrx_word' id='word_1_62' title='bbox 378 1208 417 1247; x_wconf 84' lang='lat' dir='ltr'><strong>in</strong></span> <span class='ocrx_word' id='word_1_63' title='bbox 452 1220 529 1260; x_wconf 87' lang='lat' dir='ltr'><strong>quo</strong></span> <span class='ocrx_word' id='word_1_64' title='bbox 563 1209 636 1249; x_wconf 82' lang='lat' dir='ltr'><strong>Vir</strong></span> <span class='ocrx_word' id='word_1_65' title='bbox 671 1207 954 1252; x_wconf 84' lang='lat' dir='ltr'><strong>Celeberrimus</strong></span> <span class='ocrx_word' id='word_1_66' title='bbox 986 1212 1185 1253; x_wconf 87' lang='lat' dir='ltr'><strong>ostendere</strong></span> <span class='ocrx_word' id='word_1_67' title='bbox 1216 1222 1378 1252; x_wconf 87' lang='lat' dir='ltr'><strong>conatur</strong></span> <span class='ocrx_word' id='word_1_68' title='bbox 1395 1244 1407 1264; x_wconf 85' lang='lat'>,</span> <span class='ocrx_word' id='word_1_69' title='bbox 1441 1213 1586 1254; x_wconf 81' lang='lat' dir='ltr'><strong>etiamfi</strong></span> <span class='ocrx_word' id='word_1_70' title='bbox 1604 1213 1694 1253; x_wconf 88' lang='lat' dir='ltr'><strong>vul-</strong></span> 
     </span>
     <span class='ocr_line' id='line_1_15' title="bbox 377 1275 1694 1331; baseline 0.006 -22"><span class='ocrx_word' id='word_1_71' title='bbox 377 1284 430 1323; x_wconf 86' lang='lat' dir='ltr'><strong>go</strong></span> <span class='ocrx_word' id='word_1_72' title='bbox 473 1284 585 1312; x_wconf 77' lang='lat' dir='ltr'><strong>naues</strong></span> <span class='ocrx_word' id='word_1_73' title='bbox 619 1286 700 1313; x_wconf 90' lang='lat' dir='ltr'><strong>non</strong></span> <span class='ocrx_word' id='word_1_74' title='bbox 734 1275 803 1315; x_wconf 83' lang='lat' dir='ltr'><strong>nifi</strong></span> <span class='ocrx_word' id='word_1_75' title='bbox 843 1289 864 1316; x_wconf 85' lang='lat' dir='ltr'><strong>a</strong></span> <span class='ocrx_word' id='word_1_76' title='bbox 903 1276 1047 1316; x_wconf 83' lang='lat' dir='ltr'><strong>viribus</strong></span> <span class='ocrx_word' id='word_1_77' title='bbox 1090 1275 1322 1316; x_wconf 80' lang='lat' dir='ltr'><strong>extrinsecus</strong></span> <span class='ocrx_word' id='word_1_78' title='bbox 1360 1275 1490 1328; x_wconf 86' lang='lat' dir='ltr'><strong>petitis</strong></span> <span class='ocrx_word' id='word_1_79' title='bbox 1522 1276 1694 1331; x_wconf 81' lang='lat' dir='ltr'><strong>propelli</strong></span> 
     </span>
     <span class='ocr_line' id='line_1_16' title="bbox 376 1331 1692 1393; baseline 0.005 -19"><span class='ocrx_word' id='word_1_80' title='bbox 376 1331 488 1388; x_wconf 88' lang='lat' dir='ltr'><strong>poffe</strong></span> <span class='ocrx_word' id='word_1_81' title='bbox 521 1346 722 1390; x_wconf 75' lang='lat' dir='ltr'><strong>putentur,</strong></span> <span class='ocrx_word' id='word_1_82' title='bbox 757 1348 886 1379; x_wconf 84' lang='lat' dir='ltr'><strong>tamen</strong></span> <span class='ocrx_word' id='word_1_83' title='bbox 921 1338 1004 1379; x_wconf 89' lang='lat' dir='ltr'><strong>fieri</strong></span> <span class='ocrx_word' id='word_1_84' title='bbox 1039 1338 1148 1393; x_wconf 85' lang='lat' dir='ltr'><strong>poffe</strong></span> <span class='ocrx_word' id='word_1_85' title='bbox 1166 1372 1177 1392; x_wconf 83' lang='lat'>,</span> <span class='ocrx_word' id='word_1_86' title='bbox 1211 1348 1256 1379; x_wconf 85' lang='lat' dir='ltr'><strong>vt</strong></span> <span class='ocrx_word' id='word_1_87' title='bbox 1288 1339 1393 1379; x_wconf 84' lang='lat' dir='ltr'><strong>nauis</strong></span> <span class='ocrx_word' id='word_1_88' title='bbox 1425 1339 1539 1380; x_wconf 82' lang='lat' dir='ltr'><strong>asola</strong></span> <span class='ocrx_word' id='word_1_89' title='bbox 1573 1341 1692 1381; x_wconf 81' lang='lat' dir='ltr'><strong>viin-</strong></span> 
     </span>
     <span class='ocr_line' id='line_1_17' title="bbox 375 1400 1691 1459; baseline 0.005 -20"><span class='ocrx_word' id='word_1_90' title='bbox 375 1407 483 1439; x_wconf 87' lang='lat' dir='ltr'><strong>terna</strong></span> <span class='ocrx_word' id='word_1_91' title='bbox 513 1400 559 1440; x_wconf 82' lang='lat' dir='ltr'><strong>ad</strong></span> <span class='ocrx_word' id='word_1_92' title='bbox 592 1410 746 1442; x_wconf 89' lang='lat' dir='ltr'><strong>motum</strong></span> <span class='ocrx_word' id='word_1_93' title='bbox 778 1404 967 1443; x_wconf 85' lang='lat' dir='ltr'><strong>incitetur.</strong></span> <span class='ocrx_word' id='word_1_94' title='bbox 1037 1404 1155 1459; x_wconf 80' lang='lat' dir='ltr'><strong>Quod</strong></span> <span class='ocrx_word' id='word_1_95' title='bbox 1187 1401 1390 1443; x_wconf 78' lang='lat' dir='ltr'><strong>artificium</strong></span> <span class='ocrx_word' id='word_1_96' title='bbox 1439 1413 1484 1443; x_wconf 87' lang='lat' dir='ltr'><strong>vt</strong></span> <span class='ocrx_word' id='word_1_97' title='bbox 1515 1404 1691 1445; x_wconf 83' lang='lat' dir='ltr'><strong>maxime</strong></span> 
     </span>
     <span class='ocr_line' id='line_1_18' title="bbox 376 1462 1688 1520; baseline 0.007 -20"><span class='ocrx_word' id='word_1_98' title='bbox 376 1462 603 1515; x_wconf 80' lang='lat' dir='ltr'><strong>paradoxon</strong></span> <span class='ocrx_word' id='word_1_99' title='bbox 624 1465 796 1518; x_wconf 84' lang='lat' dir='ltr'><strong>videtur,</strong></span> <span class='ocrx_word' id='word_1_100' title='bbox 814 1467 866 1507; x_wconf 83' lang='lat' dir='ltr'><strong>ita</strong></span> <span class='ocrx_word' id='word_1_101' title='bbox 884 1467 1073 1520; x_wconf 89' lang='lat' dir='ltr'><strong>fiquidem</strong></span> <span class='ocrx_word' id='word_1_102' title='bbox 1084 1476 1259 1520; x_wconf 82' lang='lat' dir='ltr'><strong>optatum</strong></span> <span class='ocrx_word' id='word_1_103' title='bbox 1277 1466 1460 1506; x_wconf 68' lang='lat' dir='ltr'><strong>effestum</strong></span> <span class='ocrx_word' id='word_1_104' title='bbox 1470 1467 1688 1520; x_wconf 83' lang='lat' dir='ltr'><strong>praestaret,</strong></span> 
     </span>
     <span class='ocr_line' id='line_1_19' title="bbox 376 1524 1686 1583; baseline 0.005 -20"><span class='ocrx_word' id='word_1_105' title='bbox 376 1524 562 1579; x_wconf 88' lang='lat' dir='ltr'><strong>plerisque</strong></span> <span class='ocrx_word' id='word_1_106' title='bbox 581 1527 662 1568; x_wconf 78' lang='lat' dir='ltr'><strong>aliis</strong></span> <span class='ocrx_word' id='word_1_107' title='bbox 679 1530 804 1569; x_wconf 89' lang='lat' dir='ltr'><strong>modis</strong></span> <span class='ocrx_word' id='word_1_108' title='bbox 823 1563 834 1581; x_wconf 81' lang='lat'>,</span> <span class='ocrx_word' id='word_1_109' title='bbox 867 1531 999 1583; x_wconf 87' lang='lat' dir='ltr'><strong>quibus</strong></span> <span class='ocrx_word' id='word_1_110' title='bbox 1016 1543 1130 1570; x_wconf 82' lang='lat' dir='ltr'><strong>naues</strong></span> <span class='ocrx_word' id='word_1_111' title='bbox 1145 1531 1367 1583; x_wconf 81' lang='lat' dir='ltr'><strong>promoueri</strong></span> <span class='ocrx_word' id='word_1_112' title='bbox 1385 1529 1523 1581; x_wconf 80' lang='lat' dir='ltr'><strong>solent,</strong></span> <span class='ocrx_word' id='word_1_113' title='bbox 1543 1530 1686 1580; x_wconf 84' lang='lat' dir='ltr'><strong>merito</strong></span> 
     </span>
     <span class='ocr_line' id='line_1_20' title="bbox 378 1588 1686 1646; baseline 0.005 -19"><span class='ocrx_word' id='word_1_114' title='bbox 378 1588 493 1642; x_wconf 82' lang='lat' dir='ltr'><strong>longe</strong></span> <span class='ocrx_word' id='word_1_115' title='bbox 521 1588 616 1630; x_wconf 85' lang='lat' dir='ltr'><strong>effet</strong></span> <span class='ocrx_word' id='word_1_116' title='bbox 640 1591 940 1644; x_wconf 77' lang='lat' dir='ltr'><strong>praeferendum.</strong></span> <span class='ocrx_word' id='word_1_117' title='bbox 979 1591 1078 1634; x_wconf 89' lang='lat' dir='ltr'><strong>Cum</strong></span> <span class='ocrx_word' id='word_1_118' title='bbox 1111 1594 1224 1646; x_wconf 89' lang='lat' dir='ltr'><strong>igitur</strong></span> <span class='ocrx_word' id='word_1_119' title='bbox 1254 1606 1332 1633; x_wconf 91' lang='lat' dir='ltr'><strong>non</strong></span> <span class='ocrx_word' id='word_1_120' title='bbox 1361 1593 1527 1645; x_wconf 83' lang='lat' dir='ltr'><strong>constet,</strong></span> <span class='ocrx_word' id='word_1_121' title='bbox 1555 1602 1686 1634; x_wconf 85' lang='lat' dir='ltr'><strong>vtrum</strong></span> 
     </span>
     <span class='ocr_line' id='line_1_21' title="bbox 374 1653 1688 1711; baseline 0.005 -20"><span class='ocrx_word' id='word_1_122' title='bbox 374 1653 588 1706; x_wconf 84' lang='lat' dir='ltr'><strong>periculum</strong></span> <span class='ocrx_word' id='word_1_123' title='bbox 614 1668 784 1710; x_wconf 78' lang='lat' dir='ltr'><strong>vnquam</strong></span> <span class='ocrx_word' id='word_1_124' title='bbox 812 1657 856 1697; x_wconf 88' lang='lat' dir='ltr'><strong>fit</strong></span> <span class='ocrx_word' id='word_1_125' title='bbox 873 1657 1012 1699; x_wconf 63' lang='lat' dir='ltr'><strong>filetum</strong></span> <span class='ocrx_word' id='word_1_126' title='bbox 1041 1668 1151 1711; x_wconf 87' lang='lat' dir='ltr'><strong>atque</strong></span> <span class='ocrx_word' id='word_1_127' title='bbox 1174 1657 1486 1711; x_wconf 86' lang='lat' dir='ltr'><strong>experimentum</strong></span> <span class='ocrx_word' id='word_1_128' title='bbox 1510 1669 1563 1696; x_wconf 86' lang='lat' dir='ltr'><strong>ex</strong></span> <span class='ocrx_word' id='word_1_129' title='bbox 1586 1668 1688 1698; x_wconf 89' lang='lat' dir='ltr'><strong>voto</strong></span> 
     </span>
     <span class='ocr_line' id='line_1_22' title="bbox 371 1715 1685 1774; baseline 0.005 -19"><span class='ocrx_word' id='word_1_130' title='bbox 371 1715 584 1758; x_wconf 80' lang='lat' dir='ltr'><strong>successerit</strong></span> <span class='ocrx_word' id='word_1_131' title='bbox 601 1752 611 1771; x_wconf 84' lang='lat'>,</span> <span class='ocrx_word' id='word_1_132' title='bbox 645 1733 786 1773; x_wconf 79' lang='lat' dir='ltr'><strong>operae</strong></span> <span class='ocrx_word' id='word_1_133' title='bbox 803 1722 967 1774; x_wconf 88' lang='lat' dir='ltr'><strong>pretium</strong></span> <span class='ocrx_word' id='word_1_134' title='bbox 981 1721 1063 1762; x_wconf 88' lang='lat' dir='ltr'><strong>fore</strong></span> <span class='ocrx_word' id='word_1_135' title='bbox 1079 1722 1249 1773; x_wconf 81' lang='lat' dir='ltr'><strong>videtur,</strong></span> <span class='ocrx_word' id='word_1_136' title='bbox 1267 1720 1368 1760; x_wconf 88' lang='lat' dir='ltr'><strong>hunc</strong></span> <span class='ocrx_word' id='word_1_137' title='bbox 1383 1720 1685 1762; x_wconf 77' lang='lat' dir='ltr'><strong>mechanismum</strong></span> 
     </span>
     <span class='ocr_line' id='line_1_23' title="bbox 373 1780 1628 1839; baseline 0.005 -20"><span class='ocrx_word' id='word_1_138' title='bbox 373 1780 588 1834; x_wconf 78' lang='lat' dir='ltr'><strong>diligentius</strong></span> <span class='ocrx_word' id='word_1_139' title='bbox 621 1786 840 1837; x_wconf 87' lang='lat' dir='ltr'><strong>expendere</strong></span> <span class='ocrx_word' id='word_1_140' title='bbox 881 1796 990 1839; x_wconf 84' lang='lat' dir='ltr'><strong>atque</strong></span> <span class='ocrx_word' id='word_1_141' title='bbox 1023 1786 1069 1826; x_wconf 80' lang='lat' dir='ltr'><strong>ad</strong></span> <span class='ocrx_word' id='word_1_142' title='bbox 1101 1785 1205 1838; x_wconf 84' lang='lat' dir='ltr'><strong>leges</strong></span> <span class='ocrx_word' id='word_1_143' title='bbox 1235 1794 1363 1826; x_wconf 85' lang='lat' dir='ltr'><strong>motus</strong></span> <span class='ocrx_word' id='word_1_144' title='bbox 1395 1786 1628 1825; x_wconf 75' lang='lat' dir='ltr'><strong>examinare.</strong></span> 
     </span>
    </p>

    <p class='ocr_par' dir='ltr' id='par_1_8' title="bbox 370 1847 1684 2160">
     <span class='ocr_line' id='line_1_24' title="bbox 526 1847 1684 1902; baseline 0.004 -18"><span class='ocrx_word' id='word_1_145' title='bbox 526 1847 558 1893; x_wconf 82' lang='lat'><strong>§.</strong></span> <span class='ocrx_word' id='word_1_146' title='bbox 584 1860 622 1885; x_wconf 85' lang='lat'><strong>2.</strong></span> <span class='ocrx_word' id='word_1_147' title='bbox 661 1847 758 1888; x_wconf 81' lang='lat' dir='ltr'><strong>Cum</strong></span> <span class='ocrx_word' id='word_1_148' title='bbox 796 1859 906 1889; x_wconf 76' lang='lat' dir='ltr'><strong>nauta</strong></span> <span class='ocrx_word' id='word_1_149' title='bbox 939 1850 1034 1889; x_wconf 79' lang='lat' dir='ltr'><strong>stans</strong></span> <span class='ocrx_word' id='word_1_150' title='bbox 1066 1850 1106 1888; x_wconf 86' lang='lat' dir='ltr'><strong>in</strong></span> <span class='ocrx_word' id='word_1_151' title='bbox 1124 1849 1253 1889; x_wconf 87' lang='lat' dir='ltr'><strong>littore</strong></span> <span class='ocrx_word' id='word_1_152' title='bbox 1286 1848 1402 1888; x_wconf 90' lang='lat' dir='ltr'><strong>firmo</strong></span> <span class='ocrx_word' id='word_1_153' title='bbox 1434 1861 1572 1889; x_wconf 78' lang='lat' dir='ltr'><strong>nauem</strong></span> <span class='ocrx_word' id='word_1_154' title='bbox 1598 1848 1684 1902; x_wconf 81' lang='lat' dir='ltr'><strong>pos-</strong></span> 
     </span>
     <span class='ocr_line' id='line_1_25' title="bbox 372 1906 1681 1966; baseline 0.004 -19"><span class='ocrx_word' id='word_1_155' title='bbox 372 1906 418 1947; x_wconf 86' lang='lat' dir='ltr'><strong>fit</strong></span> <span class='ocrx_word' id='word_1_156' title='bbox 449 1919 567 1949; x_wconf 86' lang='lat' dir='ltr'><strong>conto</strong></span> <span class='ocrx_word' id='word_1_157' title='bbox 602 1913 817 1966; x_wconf 82' lang='lat' dir='ltr'><strong>propellere</strong></span> <span class='ocrx_word' id='word_1_158' title='bbox 837 1947 846 1965; x_wconf 86' lang='lat'>‚</span> <span class='ocrx_word' id='word_1_159' title='bbox 888 1914 926 1952; x_wconf 88' lang='lat' dir='ltr'><strong>in</strong></span> <span class='ocrx_word' id='word_1_160' title='bbox 962 1915 1035 1966; x_wconf 76' lang='lat' dir='ltr'><strong>ipsa</strong></span> <span class='ocrx_word' id='word_1_161' title='bbox 1069 1922 1196 1953; x_wconf 81' lang='lat' dir='ltr'><strong>autem</strong></span> <span class='ocrx_word' id='word_1_162' title='bbox 1221 1913 1307 1953; x_wconf 75' lang='lat' dir='ltr'><strong>naui</strong></span> <span class='ocrx_word' id='word_1_163' title='bbox 1326 1911 1545 1951; x_wconf 79' lang='lat' dir='ltr'><strong>constitutus</strong></span> <span class='ocrx_word' id='word_1_164' title='bbox 1577 1911 1681 1952; x_wconf 86' lang='lat' dir='ltr'><strong>idem</strong></span> 
     </span>
     <span class='ocr_line' id='line_1_26' title="bbox 373 1973 1682 2031; baseline 0.003 -21"><span class='ocrx_word' id='word_1_165' title='bbox 373 1973 559 2023; x_wconf 66' lang='lat' dir='ltr'><strong>praestare</strong></span> <span class='ocrx_word' id='word_1_166' title='bbox 592 1987 751 2030; x_wconf 77' lang='lat' dir='ltr'><strong>nequeat</strong></span> <span class='ocrx_word' id='word_1_167' title='bbox 770 2011 780 2029; x_wconf 72' lang='lat'>,</span> <span class='ocrx_word' id='word_1_168' title='bbox 816 1988 1021 2030; x_wconf 74' lang='lat' dir='ltr'><strong>propterea</strong></span> <span class='ocrx_word' id='word_1_169' title='bbox 1053 1977 1157 2031; x_wconf 89' lang='lat' dir='ltr'><strong>quod</strong></span> <span class='ocrx_word' id='word_1_170' title='bbox 1174 1986 1356 2029; x_wconf 81' lang='lat' dir='ltr'><strong>quantum</strong></span> <span class='ocrx_word' id='word_1_171' title='bbox 1400 1987 1538 2015; x_wconf 81' lang='lat' dir='ltr'><strong>nauem</strong></span> <span class='ocrx_word' id='word_1_172' title='bbox 1571 1987 1682 2028; x_wconf 89' lang='lat' dir='ltr'><strong>pror-</strong></span> 
     </span>
     <span class='ocr_line' id='line_1_27' title="bbox 375 2035 1683 2092; baseline 0.005 -20"><span class='ocrx_word' id='word_1_173' title='bbox 375 2035 455 2073; x_wconf 78' lang='lat' dir='ltr'><strong>ium</strong></span> <span class='ocrx_word' id='word_1_174' title='bbox 499 2037 673 2090; x_wconf 66' lang='lat' dir='ltr'><strong>impellat</strong></span> <span class='ocrx_word' id='word_1_175' title='bbox 692 2074 701 2092; x_wconf 86' lang='lat'>‚</span> <span class='ocrx_word' id='word_1_176' title='bbox 744 2043 985 2081; x_wconf 67' lang='lat' dir='ltr'><strong>tantumdem</strong></span> <span class='ocrx_word' id='word_1_177' title='bbox 1029 2053 1113 2080; x_wconf 78' lang='lat' dir='ltr'><strong>eam</strong></span> <span class='ocrx_word' id='word_1_178' title='bbox 1154 2039 1312 2092; x_wconf 86' lang='lat' dir='ltr'><strong>pedibus</strong></span> <span class='ocrx_word' id='word_1_179' title='bbox 1346 2040 1494 2078; x_wconf 73' lang='lat' dir='ltr'><strong>carinae</strong></span> <span class='ocrx_word' id='word_1_180' title='bbox 1528 2039 1683 2079; x_wconf 87' lang='lat' dir='ltr'><strong>innixus</strong></span> 
     </span>
     <span class='ocr_line' id='line_1_28' title="bbox 370 2099 1681 2160; baseline 0.004 -23"><span class='ocrx_word' id='word_1_181' title='bbox 370 2099 576 2141; x_wconf 84' lang='lat' dir='ltr'><strong>retrorsum</strong></span> <span class='ocrx_word' id='word_1_182' title='bbox 611 2115 772 2160; x_wconf 71' lang='lat' dir='ltr'><strong>vrgeat3</strong></span> <span class='ocrx_word' id='word_1_183' title='bbox 814 2106 919 2145; x_wconf 62' lang='lat' dir='ltr'><strong>recte</strong></span> <span class='ocrx_word' id='word_1_184' title='bbox 960 2104 1116 2158; x_wconf 88' lang='lat' dir='ltr'><strong>quidem</strong></span> <span class='ocrx_word' id='word_1_185' title='bbox 1157 2102 1336 2144; x_wconf 82' lang='lat' dir='ltr'><strong>concludi</strong></span> <span class='ocrx_word' id='word_1_186' title='bbox 1384 2102 1533 2144; x_wconf 79' lang='lat' dir='ltr'><strong>videtur</strong></span> <span class='ocrx_word' id='word_1_187' title='bbox 1550 2135 1560 2155; x_wconf 86' lang='lat'>‚</span> <span class='ocrx_word' id='word_1_188' title='bbox 1594 2102 1681 2142; x_wconf 85' lang='lat' dir='ltr'><strong>naui</strong></span> 
     </span>
    </p>

    <p class='ocr_par' dir='ltr' id='par_1_9' title="bbox 1599 2177 1680 2206">
     <span class='ocr_line' id='line_1_29' title="bbox 1599 2177 1680 2206; baseline 0.012 -1"><span class='ocrx_word' id='word_1_189' title='bbox 1599 2177 1680 2206; x_wconf 90' lang='lat' dir='ltr'><strong>non</strong></span> 
     </span>
    </p>
   </div>
  </div>
 </body>
</html>
