1820 2506
321 219 403 261 DE
435 218 846 267 ABERRATIONE
879 222 920 269 F
920 221 1184 273 IXARVM
1364 234 1450 280 461

526 332 619 378 Sole
669 339 858 381 existente
910 341 951 381 in
983 343 1029 383 X
1061 342 1155 383 infra
1196 342 1455 386 determinan-

568 401 621 440 do
640 434 651 453 ,
687 403 871 445 addantur
914 416 936 453 3
983 406 1083 460 figna
1127 420 1201 461 pro
1252 408 1450 450 inuenien-

563 464 616 504 do
657 466 766 521 loco,
809 469 875 509 vbi
908 470 1096 511 aberratio
1129 471 1349 515 ascensionis
1389 486 1452 514 re-

559 528 644 569 ἀπε
685 532 738 572 est
771 534 955 588 minima,
995 544 1036 576 et
1067 536 1224 590 quidem
1266 538 1312 579 ad
1346 538 1449 580 occi-

562 593 731 636 dentem.

562 665 605 710 Si
646 670 752 712 stella
795 673 867 713 erit
909 675 949 716 in
998 677 1066 714 1⁷⁷²⁰
1105 676 1310 730 quadrante
1352 676 1446 719 ecli-

114 755 271 813 Angulo
303 761 340 804 E
360 762 492 805 obtuso
643 736 769 806 PfssCstss
795 750 900 797 *cum
942 739 1140 782 latitudine
1194 741 1352 813 boreali.
1380 806 1387 811 .

545 795 626 838 Aut
665 813 705 839 111
749 798 811 847 ΒΨ
852 804 1058 855 quadrante
1099 818 1188 845 cum
1238 806 1439 847 latitudme

497 876 519 919 L
637 864 892 905 meridionali.

509 939 602 984 Sole
637 944 824 985 existente
841 947 880 986 in
899 947 942 986 X
962 980 974 999 ‚
1008 960 1109 989 mox
1130 940 1438 993 determinando,

556 1006 691 1047 additis
729 1008 845 1049 tribus
860 1011 866 1038 Γ
880 1010 991 1063 fignis
1011 1045 1021 1064 ,
1062 1013 1224 1053 ascensio
1241 1014 1345 1055 ree'ta
1364 1015 1438 1055 erit

556 1072 755 1122 maxima,
776 1081 816 1110 et
834 1075 992 1125 quidem
1025 1076 1073 1115 ad
1101 1077 1312 1120 orientem.

250 1135 427 1191 Angulus
461 1138 496 1180 B
530 1140 584 1181 est
617 1142 777 1183 obtusus.

486 1213 507 1255 Y
532 1218 650 1261 Stella
682 1222 872 1263 existente
914 1224 955 1263 in
987 1222 1098 1276 fignis
1140 1223 1212 1264 asc.
1248 1236 1339 1264 cum
1372 1197 1429 1265 la-

97 1306 163 1347 Αη
192 1308 256 1351 ulo
285 1310 324 1352 E
355 1322 465 1354 acuto
478 1257 500 1394 ἐ
535 1344 548 1355 ἡ
630 1286 791 1327 titudine
832 1287 990 1358 boreali.
1052 1351 1059 1358 .

164 1320 189 1362 g
489 1397 494 1410 ι
525 1347 642 1389 §tella
673 1350 861 1391 existente
894 1364 935 1390 m
968 1350 1078 1403 signis
1118 1350 1217 1392 desc.
1252 1364 1341 1393 cum
1367 1351 1423 1392 la-

481 1413 501 1456 Ι.
619 1414 781 1455 titudine
820 1415 1077 1456 meridionali.

553 1484 647 1528 Sole
687 1489 875 1530 existente
921 1491 960 1529 in
1004 1490 1047 1529 X
1092 1490 1251 1529 iamiam
1292 1490 1417 1530 deter-

555 1553 772 1605 minando,
823 1555 978 1593 adieetis
1030 1567 1052 1603 3
1094 1554 1205 1607 signis
1239 1552 1417 1593 adhunc

553 1615 685 1656 locum
707 1650 717 1669 ,
758 1618 925 1657 ascensio
977 1618 1080 1658 resta
1130 1618 1201 1656 erit
1251 1618 1416 1656 minima

555 1689 593 1718 et
626 1680 672 1719 ad
708 1681 961 1720 occidentem.

469 1742 628 1821 5&ssssst
671 1751 858 1792 existente
902 1753 942 1792 in
988 1767 1010 1791 2
1057 1752 1277 1807 quadratura
1322 1764 1411 1792 cum

87 1835 152 1877 An
181 1836 243 1880 ulo
261 1837 302 1880 E
318 1823 487 1882 obtuso}
612 1814 813 1855 latitudine
848 1817 1147 1869 septentrionali.

154 1849 178 1891 g
409 1909 411 1911 .
469 1872 630 1983 [Stella
673 1879 857 1919 existente
908 1881 949 1920 in
1000 1881 1147 1920 vltimo
1201 1880 1407 1933 quadrante

609 1953 700 1980 cum
732 1943 932 1984 latitudine
974 1945 1232 1985 meridionali.

480 2007 572 2050 Sole
599 2013 782 2053 existente
819 2015 856 2053 in
885 2016 925 2055 X
946 2049 956 2066 ,
992 2017 1173 2055 addaimr
1200 2015 1267 2053 tria
1302 2013 1400 2065 signa

528 2088 601 2128 pro
621 2077 911 2118 determinando
929 2079 1018 2118 loco
1038 2079 1101 2119 tbi
1114 2077 1274 2117 ascensio
1295 2077 1397 2116 reeta

527 2140 597 2178 erit
615 2142 788 2181 maxima
814 2144 1028 2198 etquidem
1057 2143 1103 2183 ad
1123 2143 1326 2181 orientem

648 2204 858 2254 Mmm3
1350 2206 1391 2259 β·
