1820 2506
727 147 920 200 )(39)(

125 256 322 307 'medium
354 261 506 304 alternis
544 261 712 304 motibus
743 262 856 305 instar
888 259 1043 317 penduli
1061 267 1217 302 motum
1248 258 1293 301 iri
1302 293 1318 314 ‚.
1348 258 1466 306 hunc-

150 341 224 382 que
255 338 412 369 motum
444 338 630 382 perpetuo
662 325 738 369 effe
770 328 991 369 duraturum
1009 358 1020 379 ,
1055 324 1124 367 nifi
1159 334 1340 380 quatenus
1369 340 1391 367 a
1407 340 1469 369 re-

150 392 309 434 sistentia
340 393 581 433 diminuatur.

267 457 358 497 Hoc
392 457 473 497 casu
522 456 700 498 filcillime
748 455 937 509 expedito
987 453 1020 503 §.
1064 459 1085 495 8
1131 453 1210 494 duo
1249 453 1471 508 corpuscula

151 520 361 562 confiderat
381 554 391 573 ‚
440 520 505 561 hic
546 532 673 561 autem
694 553 704 573 ‚
747 520 851 574 quod
901 519 997 559 bene
1036 518 1245 558 notandum
1266 551 1276 569 ,
1316 529 1472 558 motum

152 584 298 624 inuenit
331 598 352 624 a
383 584 503 637 priori
534 584 705 624 maxime
738 583 1013 636 discrepantem
1034 615 1046 634 ,
1080 594 1205 635 neque
1234 581 1402 635 amplius
1428 594 1472 622 o-

148 647 353 688 scillatorio
386 648 513 687 motui
546 647 708 688 similem
728 680 739 700 ‚
781 647 848 701 qui
890 647 943 687 ob
983 647 1062 687 hoc
1103 645 1227 700 ipsum
1270 656 1310 686 et
1344 645 1471 687 multo

146 710 337 752 difficilius
365 710 515 751 definiri
547 711 675 765 poffit.

266 775 421 816 Fatetur
460 785 588 815 tamen
621 777 784 829 ingenue
823 774 1092 815 inuentionem
1133 775 1285 815 numeri
1317 787 1470 815 accura-

150 845 250 890 tam,
272 852 350 894 quo
368 839 537 880 celeritas
556 840 842 894 propagationis
859 839 1030 893 pulsuum
1040 851 1109 892 per
1126 839 1466 892 quodnismedium

148 902 343 944 elasticum
362 903 581 956 definiatur,
600 906 774 945 maxime
793 902 872 943 effe
899 904 1073 954 arduam,
1113 915 1182 942 nec
1217 902 1294 943 sine
1330 902 1465 955 insigni

147 967 449 1020 amplificatione
475 968 674 1008 doetrinae
703 969 881 1008 serierum
927 967 1125 1021 expectari
1144 964 1265 1020 poffe.
1303 965 1471 1007 Metho-

145 1031 239 1071 dum
260 1041 411 1083 tamen,
430 1045 502 1085 qua
521 1029 605 1072 Cel.
628 1032 850 1074 Newtonus
878 1031 924 1071 ad
949 1033 1268 1084 propagationem
1296 1030 1468 1083 pulsuum

145 1095 230 1135 vsus
246 1095 310 1147 fit,
331 1108 412 1136 non
430 1109 566 1149 parum
585 1095 661 1137 effe
689 1096 926 1149 elegantem,
949 1104 987 1134 et
1007 1094 1154 1134 tametsi
1173 1108 1193 1134 a
1211 1095 1335 1148 rigore
1356 1093 1466 1136 Geo-

148 1160 314 1200 metrico
332 1159 445 1200 valde
462 1159 684 1213 abhorreat,
711 1172 785 1214 pro
803 1159 941 1200 idonea
967 1159 1308 1213 approximatione
1339 1157 1467 1198 haberi

147 1222 368 1276 poffe‚qua
405 1224 626 1275 occasione,
663 1224 867 1278 quomodo
904 1236 972 1276 per
1010 1223 1291 1277 experientiam
1327 1220 1471 1262 valoris

145 1285 338 1327 desiderati
368 1288 553 1339 proxime
593 1287 838 1327 determinari
880 1285 1021 1339 poffint
1059 1286 1237 1325 declarat.

261 1348 458 1403 Simulque
497 1350 612 1389 docet
653 1382 664 1401 ,
720 1350 748 1389 fi
791 1350 872 1388 veri
906 1349 1055 1389 valores
1104 1361 1184 1388 non
1226 1348 1465 1390 exactissime

145 1413 414 1465 inueniuntur,
445 1425 516 1454 nos
550 1423 681 1453 tamen
714 1412 874 1453 modum
897 1445 907 1463 ,
939 1425 1019 1465 quo
1054 1411 1178 1466 pulsus
1204 1424 1271 1466 per
1289 1414 1465 1454 medium

143 1487 404 1531 propagentur
430 1477 641 1529 elasticum,
667 1477 749 1516 satis
766 1475 863 1516 clare
879 1475 1088 1529 perspicere
1106 1473 1216 1529 poffe
1233 1509 1244 1529 ,
1279 1486 1318 1516 et
1336 1477 1375 1515 in
1407 1478 1466 1517 di-

143 1541 257 1581 versis
290 1541 413 1582 fluidis
446 1541 613 1592 elasticis,
632 1540 847 1580 celeritates
865 1572 876 1591 ,
911 1540 1043 1593 quibus
1075 1540 1197 1593 pulsus
1224 1553 1292 1593 per
1311 1553 1353 1580 ea
1372 1554 1466 1595 pro-

140 1615 354 1657 pagentur,
396 1604 473 1645 effe
515 1607 553 1645 in
588 1606 735 1645 ratione
775 1603 1032 1656 subduplicata
1072 1605 1286 1657 composita
1320 1616 1373 1645 ex
1407 1606 1466 1646 di-

142 1668 244 1708 resta
278 1670 541 1710 elasticitatum
575 1678 612 1709 et
644 1669 786 1709 inuerfit
819 1667 1044 1708 densitatum
1080 1667 1258 1708 affirmat.

257 1734 364 1774 Haec
397 1743 525 1773 tamen
560 1734 635 1773 iam
669 1732 817 1773 aliunde
848 1732 1019 1772 constare
1053 1733 1174 1784 dicit,
1209 1742 1247 1773 et
1279 1745 1298 1772 a
1334 1730 1458 1774 New-

145 1804 242 1835 tono
274 1797 435 1838 firmiter
468 1798 543 1837 iam
575 1795 651 1836 effe
670 1795 926 1837 demonstrata
945 1829 955 1847 ,
988 1796 1173 1849 quoniam
1207 1797 1252 1837 ad
1286 1795 1360 1835 hoc
1381 1810 1461 1838 non

142 1871 236 1911 opus
277 1862 321 1903 sit
340 1895 350 1912 ‚
394 1870 439 1901 vt
481 1861 556 1914 ipfit
601 1861 830 1913 singularum
873 1860 1144 1913 particularum
1182 1860 1287 1903 fluidi
1321 1860 1465 1902 elastici

144 1924 296 1976 agitatio
329 1926 372 1966 sit
409 1925 623 1978 perspecti,
1023 1943 1025 1945 ¹

259 1989 432 2028 Tandem
464 2001 514 2028 ex
548 1990 592 2028 iis
622 2000 716 2042 quae
748 1987 856 2042 supra
890 1987 999 2027 allata
1034 1987 1114 2027 sunt
1143 1988 1189 2027 de
1208 1997 1317 2029 motu
1352 1989 1474 2029 vnius

143 2051 352 2110 particulae
392 2053 624 2094 oscillatorio
642 2086 653 2106 2
692 2053 852 2095 duarum
884 2061 1016 2093 autem
1049 2050 1110 2094 seu
1143 2052 1309 2106 plurium
1345 2054 1462 2106 parti*

1289 2118 1462 2158 cultuum
