1820 2506
456 171 539 217 DE
573 170 635 218 VI
665 169 832 217 AERIS
866 169 1148 218 ELASTIC'A
1375 187 1458 229 243

138 292 179 338 in
213 292 432 349 aequilibrio
463 294 712 338 constitutum
732 326 743 346 ,
778 292 884 335 nullo
919 302 1031 336 motu
1051 293 1233 349 agitatur,
1266 291 1463 348 nullasque

137 359 236 400 ideas
269 357 381 400 sonus
414 360 618 415 imprimit.
687 359 987 416 Quamprimum
1024 368 1153 401 autem
1187 358 1264 399 hoc
1307 358 1459 413 aequili-

138 423 262 465 brium
296 424 444 465 tollitur
462 457 473 478 ,
505 424 772 478 fiiblequuntur
806 425 919 466 etiam
951 425 1130 480 tympani
1162 433 1290 464 motus
1331 423 1464 464 sonus-

136 500 210 543 que
241 489 464 543 percipitur.
534 489 579 531 Id
614 490 718 529 circo
752 488 901 529 vasculo
948 489 1044 530 duro
1086 497 1125 529 et
1167 500 1342 529 concauo
1382 489 1463 530 auri

135 552 300 593 admoto
333 552 577 594 resilientium
612 553 808 594 alateribus
841 554 919 594 eius
949 562 1170 595 atomorum
1203 552 1343 594 elastici
1370 553 1461 594 aeris

135 615 421 657 tremula'tiones
447 626 762 670 concentrantur‚
796 617 945 658 maiore
962 618 1003 659 vi
1021 619 1061 659 in
1080 627 1313 672 tympanum
1330 626 1460 672 agunt,

134 693 252 736 quam
281 681 521 721 arietationes
554 689 773 721 atomorum
810 681 1044 723 internarum
1078 683 1117 724 in
1159 683 1322 723 cauitate
1372 681 1460 737 post

134 752 367 799 tympanum
400 743 627 786 inclusarum
648 777 659 798 ‚
703 754 815 800 atque
855 748 951 786 adeo
994 746 1065 787 illo
1109 746 1150 787 in
1191 755 1345 788 motum
1387 746 1461 788 hac

131 810 278 850 ratione
317 810 489 850 excitato
508 843 520 862 ‚
563 809 720 850 confuso
763 810 930 864 quodam
972 810 1068 852 sono
1108 823 1238 852 aurem
1272 810 1456 854 afficiunt.

131 872 210 930 Qui
260 871 413 914 susurrus
462 874 644 928 quoniam
696 872 849 927 semper
898 875 938 914 in
981 875 1167 916 conuexis
1217 876 1430 929 percipitur
1446 910 1456 929 ,

128 936 431 993 quandocunque
464 938 543 979 auri
573 937 860 991 admouentur3
899 946 1056 993 apparet
1085 938 1203 991 igitur
1243 937 1458 993 manifesto,

128 1001 169 1043 in
218 1001 373 1043 elastico
416 1014 501 1044 aere
541 1010 694 1043 atomos
732 1001 871 1055 iugiter
920 1001 1096 1043 tremulo
1147 1011 1262 1044 motu
1307 1003 1456 1057 agitari.

277 1067 299 1117 §
354 1070 423 1107 26.
460 1066 543 1109 Aer
574 1066 720 1108 tamdiu
738 1065 933 1121 perfistere
964 1066 1091 1121 potest
1123 1066 1305 1121 elasticus,
1324 1081 1459 1123 quam-

125 1131 191 1172 diu
225 1131 330 1172 causa
363 1132 509 1173 clateris
527 1164 538 1183 ,
570 1129 648 1171 hoc
683 1129 736 1170 est
770 1139 902 1170 mutua
936 1139 1158 1173 atomorum
1185 1133 1357 1173 arietatio
1375 1145 1458 1175 non

127 1191 255 1236 ceffat.
322 1192 471 1236 Contra
503 1205 601 1234 vero
634 1192 772 1233 sublata
806 1205 1035 1248 quocunque
1068 1195 1191 1236 modo
1232 1194 1305 1237 hac
1337 1196 1458 1238 aitio-

126 1271 177 1300 ne
195 1292 207 1313 ‚
242 1257 422 1300 elaterem
457 1258 533 1300 eius
567 1257 684 1299 etiam
717 1256 804 1298 tolli
837 1255 990 1299 necesse
1023 1258 1089 1300 est.
1157 1258 1200 1304 Si
1232 1260 1346 1314 igitur
1372 1270 1456 1302 ato-

127 1324 185 1365 mi
215 1323 309 1364 aeris
339 1322 502 1377 singulae
534 1322 686 1364 seorfim
705 1354 716 1375 ‚
759 1321 825 1363 vel
856 1336 1000 1379 paucae
1033 1324 1147 1366 simul
1165 1325 1362 1381 particulis
1388 1326 1458 1368 ali-

126 1388 233 1430 cuius
263 1388 437 1444 corporis
470 1388 570 1429 inter
585 1387 620 1428 se
652 1386 737 1428 satis
769 1387 1061 1430 cohaerentibus
1096 1390 1136 1430 in
1171 1402 1302 1431 earum
1335 1391 1455 1433 inter-

125 1451 230 1493 stitiis
259 1453 311 1493 ita
343 1452 722 1507 comprehendantur
739 1485 751 1505 ‚
785 1462 832 1494 vt
866 1466 940 1494 nec
974 1453 1054 1495 illas
1087 1467 1109 1495 a
1142 1455 1372 1496 cohaesione
1399 1455 1454 1497 se-

124 1528 259 1572 parare
299 1529 371 1559 nec
400 1518 441 1558 in
475 1516 512 1557 se
554 1517 723 1558 inuicem
756 1529 866 1571 agere
897 1517 1073 1574 poffint3
1117 1531 1245 1562 aerem
1287 1529 1369 1561 tum
1412 1521 1455 1563 vi

123 1580 270 1623 elastica
311 1580 439 1622 orbari
471 1580 608 1622 debere
650 1580 805 1622 dubium
846 1594 928 1623 non
979 1582 1044 1623 est.
1111 1582 1235 1626 Porro
1284 1584 1456 1627 cohaefi-

124 1657 202 1689 one
234 1646 499 1701 particularum
532 1648 708 1701 corporis
740 1646 840 1688 illius
872 1646 1013 1689 sublata
1031 1681 1043 1702 ‚
1085 1650 1207 1690 atomi
1249 1650 1343 1690 aeris
1384 1650 1451 1692 fibi

123 1710 279 1752 relictae
319 1710 510 1753 elasticam
552 1712 736 1753 virtutem
771 1712 899 1754 denuo
943 1713 1232 1767 recuperabunt.
1305 1714 1360 1755 Et
1378 1748 1389 1768 ,
1423 1714 1451 1758 fi

124 1774 332 1831 particulae
366 1777 540 1831 corporis
561 1806 573 1828 ,
606 1790 702 1832 quae
734 1790 860 1819 aerem
895 1776 968 1818 hac
1004 1778 1152 1820 ratione
1185 1779 1225 1819 in
1258 1780 1364 1833 poris
1389 1793 1450 1821 ca-

123 1839 276 1893 ptiuum
308 1839 547 1881 detinuerunt
565 1873 576 1892 ‚
609 1841 812 1884 diametros
842 1842 986 1884 habent
1018 1843 1188 1884 minores
1228 1843 1271 1883 iis
1311 1843 1446 1886 distanc

122 1903 183 1944 tiis
201 1935 212 1955 ,
247 1916 336 1958 quas
365 1913 592 1960 percurrunt
625 1907 748 1948 atomi
781 1908 874 1948 aeris
893 1906 1032 1948 liberae
1051 1908 1324 1949 tremulatione
1358 1922 1449 1964 qua-

124 1967 252 2021 libet3
285 1976 369 2010 tum
400 1983 463 2012 aer
494 1982 546 2011 ex
565 1970 670 2025 poris
712 1970 886 2012 liberatus
918 1972 959 2013 in
1008 1971 1171 2027 spatium
1209 1974 1451 2028 expandetur

125 2032 245 2073 maius
262 2064 273 2085 ,
316 2045 429 2089 quam
469 2035 574 2091 quod
616 2048 757 2092 corpus
797 2045 955 2093 accupat
974 2070 986 2092 ,
1027 2039 1067 2080 in
1109 2039 1213 2081 cuius
1252 2039 1358 2094 poris
1392 2039 1449 2080 la-

122 2096 266 2141 titabat.

691 2164 731 2207 H
749 2163 778 2207 h
798 2177 823 2205 2.
1313 2168 1347 2217 §.
1372 2175 1443 2217 27.
