1820 2506
876 138 913 198 i<
946 145 998 184 1⁸
1031 133 1067 197 )(

292 251 403 309 Jente
466 250 643 311 Praessde
671 283 684 306 ,
747 253 785 296 in
847 253 920 297 loco
986 254 1044 296 ad
1102 252 1201 298 talia
1263 256 1409 310 negotia
1474 256 1635 315 destina-¹

311 325 368 364 to.
480 329 482 331 ’
600 328 603 331 ·

935 396 1008 434 23.

427 456 491 497 De
522 456 769 513 controueissis
790 487 801 507 ,
832 467 927 511 quae
949 456 1059 511 sorte
1083 457 1180 497 inter
1197 453 1439 498 Academicos
1456 459 1626 500 exorien-

309 525 374 562 tur
391 552 401 571 ‚
442 516 691 574 disceptabunt
731 520 878 576 modeste
898 550 908 567 ‚
961 526 1008 560 vt
1058 522 1214 573 graueis
1255 519 1357 561 decet
1399 521 1502 561 viros
1522 553 1532 573 ,
1566 523 1629 576 qui

311 586 556 626 reuerentiam
602 583 743 627 habent
781 590 818 625 et
847 583 984 639 famae
1021 590 1059 625 et
1099 583 1180 626 loci.
1248 583 1325 625 Eos
1368 590 1523 636 autem,
1567 587 1629 639 qui

305 654 466 703 praeter
496 651 695 704 opinionem
728 649 860 690 mutuis
880 644 961 703 sese
989 647 1204 690 lacerabunt
1237 647 1457 690 contumeliis
1477 679 1489 697 ‚
1523 649 1630 692 Aca-

309 703 456 753 demiae
487 711 717 755 Secretarius
760 712 1020 770 interpellando
1064 713 1114 754 ab
1146 714 1286 755 iniuria
1328 711 1540 766 cohibebit,
1569 726 1629 757 ce-

314 783 437 820 terum
467 789 547 819 rem
580 780 763 834 integram
796 778 900 833 apud
928 777 1138 830 Praefidein
1169 779 1324 832 deferet.

939 886 1011 925 24.

431 942 741 988 Academicorum
770 951 937 1002 quotquot
957 942 1047 999 sunt
1067 975 1078 996 ‚
1110 956 1238 987 recens
1270 944 1385 988 editos
1407 940 1504 999 stiae
1542 951 1631 999 pro‹

299 1006 470 1067 feffionis
510 1009 622 1052 libros
663 1011 813 1065 legunto.
898 1008 1088 1070 Quocirca
1117 1009 1273 1068 stinulac
1314 1006 1526 1065 resi-iuerint
1573 1009 1628 1050 di-

312 1073 485 1126 vulgatos
503 1107 514 1126 ,
540 1072 688 1129 poscere
722 1088 783 1117 eos
817 1088 866 1116 ex
893 1072 1114 1116 bibliotheca
1134 1107 1144 1127 ,
1181 1081 1218 1116 et
1257 1075 1553 1116 adnotationibus
1587 1072 1632 1114 il-

311 1135 463 1190 lustrare
482 1171 493 1189 ‚
525 1146 563 1179 et
595 1150 692 1193 quae
723 1136 806 1194 visa
829 1140 978 1196 fuerint
1008 1138 1162 1180 alicuius
1198 1141 1364 1180 momenti
1385 1172 1394 1190 ‚
1425 1151 1504 1178 cum
1537 1143 1633 1177 cete-

307 1203 366 1244 ris
387 1198 579 1255 sodalibus
608 1207 873 1245 communicare
905 1204 1045 1245 debent.
1107 1203 1161 1244 Et
1191 1215 1258 1244 eas
1291 1204 1437 1257 quidem
1478 1202 1633 1242 adnota-

308 1267 424 1307 tiones
442 1299 452 1318 ,
493 1267 679 1308 dummodo
708 1268 775 1323 stt*
806 1274 940 1322 operae
974 1268 1136 1321 pretium
1158 1297 1169 1318 ‚
1209 1263 1363 1322 Praeses
1395 1267 1434 1308 in
1464 1265 1635 1316 rufficum

295 1326 502 1387 sermonem
535 1332 729 1383 conuerti,
759 1331 932 1387 preloque
955 1327 1090 1386 subiici
1122 1330 1272 1372 iubebit.

947 1436 1018 1476 25.

431 1497 479 1540 Si
512 1497 654 1552 quando
685 1493 900 1553 refiiuerint
942 1497 1162 1542 Academici
1201 1498 1247 1539 de
1278 1508 1367 1538 nouo
1409 1497 1530 1552 aliquo
1567 1510 1634 1539 ex-

308 1562 513 1619 perimento
531 1594 542 1613 ,
575 1563 609 1603 is
628 1594 638 1613 ,
671 1564 773 1604 cuius
803 1563 945 1619 interest
963 1596 973 1615 ,
994 1562 1196 1618 frequente
1228 1559 1530 1605 Academicorum
1556 1574 1636 1603 coe-

310 1634 353 1669 tu
393 1625 486 1668 illud
508 1622 574 1675 fitb
606 1638 763 1668 examen
797 1639 972 1670 reuocare
990 1626 1183 1680 diligenter
1202 1657 1214 1675 ‚
1248 1636 1440 1679 rerumque
1483 1637 1635 1668 momen-

311 1692 363 1733 tis
381 1698 492 1746 atque
504 1689 724 1745 ponderibus
741 1692 920 1733 adcurate
933 1692 1122 1747 penfltatis
1144 1722 1154 1739 ‚
1181 1692 1219 1731 in
1236 1687 1488 1745 ephemerides
1500 1724 1510 1744 ,
1528 1689 1636 1746 quid-

313 1755 406 1812 quid
442 1755 488 1796 de
518 1760 591 1796 toto
623 1757 763 1810 negotio
795 1756 1014 1798 iudicauerit
1032 1788 1043 1807 ,
1077 1752 1232 1811 inserere
1272 1753 1390 1796 debet.

945 1857 1002 1893 26
1007 1885 1016 1893 .

434 1919 644 1967 Praeterea
652 1924 872 1967 Academici
879 1932 1082 1981 component
1089 1922 1202 1967 libros
1213 1958 1223 1977 ,
1231 1931 1482 1979 argumentum
1491 1924 1588 1964 artis
1605 1929 1643 1965 et

302 1982 483 2042 solertiae
479 1986 585 2043 stiae7
595 1991 656 2042 qui
662 1993 718 2031 rei
726 1991 881 2041 rufficae
889 1998 925 2031 et
934 1992 1128 2045 decoristnt
1135 1996 1169 2029 et
1177 1989 1406 2030 emolumento
1419 2003 1429 2041 3
1440 1996 1475 2029 et
1484 2001 1541 2029 eos
1559 1988 1638 2042 qui-

321 2053 402 2096 dem
409 2053 519 2096 libros
528 2053 768 2106 rufflcereddi
776 2062 886 2111 atque
896 2056 1057 2113 imprimi
1073 2055 1166 2112 reip.
1188 2054 1342 2111 interest.
1365 2053 1499 2096 Nullus
1515 2059 1638 2093 tamen

1548 2115 1646 2158 liber>
