1820 2506
385 185 476 238 '250
827 184 1208 232 DISSERTATIO
1255 198 1259 202 ¹

382 307 695 360 praesentantur3
739 304 849 346 restat
890 307 1015 359 itaque
1057 315 1101 346 vt
1140 305 1188 345 ad
1227 305 1303 346 sola
1338 304 1604 359 phaenomena
1637 307 1696 347 so·

380 369 544 409 lutiones
592 369 818 410 comitantia
866 370 999 410 attenti
1049 370 1253 410 veritatem
1295 371 1513 424 muestigare
1546 370 1694 425 pericli-

383 441 519 473 temur.

532 497 565 545 ξ.
600 508 667 545 13.
712 498 820 553 Quae
861 510 949 539 cum
991 498 1089 538 inter
1128 496 1164 537 se
1205 497 1434 538 conferimus
1459 529 1469 548 ,
1513 498 1583 538 alia
1618 498 1700 538 aliis

380 561 533 613 gemina
559 594 569 612 ,
629 562 699 600 alia
750 574 844 601 vero
893 563 1078 602 contraria
1130 561 1369 602 offendimus.
1420 561 1507 600 >Ad
1572 562 1697 615 poste-

378 624 480 664 riora
523 624 693 677 speetant
733 625 798 664 illa
839 626 1025 666 notiffima
1045 659 1054 677 ‚
1098 627 1201 679 quod
1259 638 1398 678 nempe
1439 625 1585 678 spiritus
1602 626 1698 666 acidi

376 687 560 728 soluendo
601 689 755 728 metalla
795 689 1047 741 incalescant,
1098 703 1190 743 aqua
1240 702 1336 729 vero
1377 688 1562 728 soluendo
1611 688 1700 729 sales

378 752 498 804 magis
564 752 699 805 frigida
776 754 961 793 reddatur.
1072 750 1271 793 Contraria
1336 753 1401 792 ista
1460 751 1697 805 phaenome-

378 827 427 854 na
476 816 580 855 causa
629 816 884 868 exstiterunt,
929 826 973 857 vt
1014 817 1311 870 suspicaremur,
1355 815 1511 856 metalla
1551 816 1593 855 in
1626 815 1700 869 spi-

377 878 505 919 ritibus
537 880 652 919 acidis
684 880 757 919 alia
789 882 936 920 ratione
969 880 1090 933 solui,
1131 893 1244 933 quam
1286 878 1374 918 filles
1414 879 1453 918 in
1487 891 1595 932 aqua.
1643 878 1700 920 Et

377 954 467 981 cum
502 944 770 995 experimenta
803 945 899 983 circa
933 943 1135 984 solutiones
1176 945 1216 983 in
1249 956 1371 983 vacuo
1404 955 1426 981 a
1459 943 1568 982 nobis
1598 942 1699 983 insti-

378 1013 458 1045 tuta
491 1016 703 1060 conceptae
735 1017 845 1047 antea
878 1007 1026 1047 nostrae
1060 1007 1232 1047 theoriae
1275 1020 1327 1046 ex
1367 1003 1444 1045 affe
1475 1005 1701 1059 respondere

377 1068 622 1122 videremus,
656 1072 818 1111 eandem
862 1074 964 1110 n'unc
999 1072 1111 1110 certis
1152 1071 1348 1124 principiis
1381 1069 1668 1124 superstrudtam
1689 1102 1700 1122 ,

376 1132 488 1171 dictis
529 1134 806 1185 experimentis
837 1133 1121 1173 confirmamus.

526 1196 561 1244 §.
589 1209 656 1246 14.
693 1196 815 1250 Aquis
853 1193 1009 1235 fortibus
1042 1197 1081 1236 in
1115 1196 1270 1237 metalla
1305 1196 1496 1250 agentibus
1539 1196 1698 1238 efferue-

374 1257 515 1301 scentia
562 1259 717 1300 suboriri
749 1259 842 1300 solet
861 1293 871 1311 ‚
916 1273 1028 1314 quam
1068 1260 1390 1314 contemplaturus
1430 1261 1559 1314 accepi
1591 1260 1700 1301 filum

375 1322 536 1364 ferreum
580 1322 694 1364 breue
727 1333 769 1364 et
801 1333 914 1363 tenue
934 1357 944 1376 ‚
979 1333 1181 1377 Vtramque
1214 1325 1292 1364 eius
1324 1325 1609 1365 extremitatem
1636 1336 1701 1364 or-

374 1386 504 1428 biculo
537 1389 665 1428 vitreo
698 1387 927 1442 agglutinaui
960 1400 1075 1442 cera3
1113 1388 1221 1442 liiper
1253 1389 1422 1429 medium
1448 1388 1504 1428 fili
1527 1387 1701 1428 instillaui

375 1460 524 1504 guttam
557 1451 704 1506 spiritus
738 1452 856 1504 nitri,
892 1465 985 1506 aqua
1017 1452 1156 1504 diluti,
1190 1465 1280 1492 eum
1313 1454 1352 1493 in
1392 1452 1512 1493 finem
1532 1485 1542 1505 ,
1576 1462 1622 1492 vt
1640 1452 1699 1492 so-

374 1515 472 1555 lutio
504 1515 580 1555 leni
609 1514 715 1569 paffu
749 1516 975 1568 procederet
1008 1513 1219 1569 (praeceps
1252 1518 1355 1556 enim
1390 1516 1575 1558 eiusmodi
1602 1527 1700 1568 ope-

373 1578 474 1619 ratio
515 1578 568 1618 est
608 1579 775 1619 nimium
816 1577 998 1630 confiisa5
1047 1578 1491 1633 contemplationemque
1545 1577 1699 1634 turbat)

373 1642 415 1683 in
465 1642 652 1696 guttulam
686 1642 828 1683 serrum
861 1641 1074 1682 soluentem
1109 1642 1235 1682 direxi
1277 1642 1575 1696 microscopium
1616 1642 1700 1682 satis

376 1715 545 1747 acutum.
613 1705 914 1760 Prorumpebant
948 1719 968 1746 a
1002 1705 1197 1760 superficie
1229 1705 1285 1746 fili
1304 1706 1462 1746 bullulae
1491 1718 1620 1745 aereae
1653 1706 1700 1746 fi-

374 1771 461 1811 mul
494 1783 584 1812 cum
618 1770 810 1825 particulis
841 1768 927 1810 ferri
945 1802 956 1823 ,
990 1782 1086 1823 quae
1118 1779 1224 1810 erant
1244 1769 1376 1810 colore
1394 1769 1496 1809 fusco
1517 1802 1527 1821 ,
1562 1779 1602 1808 et
1619 1782 1700 1810 non

372 1833 473 1875 secus
504 1847 548 1876 ac
574 1836 671 1890 ipsae
705 1834 869 1875 bullulae
887 1839 911 1886 ,“
931 1833 1164 1875 vitrabantur
1202 1833 1401 1874 secundum
1443 1833 1698 1874 direffionem

371 1897 443 1939 filo
460 1898 583 1940 ferreo
616 1897 970 1954 perpendicularem
989 1931 1000 1949 ,
1035 1908 1075 1939 et
1114 1899 1283 1953 quamuis
1308 1897 1416 1938 situm
1452 1897 1531 1936 eius
1557 1897 1699 1950 saepius

369 1962 617 2005 immutarem
635 1997 647 2015 ,
682 1962 1003 2017 perpendicularis
1029 1972 1156 2004 tamen
1183 1962 1344 2002 direffio
1377 1960 1542 2001 durabat.
1610 1961 1697 2003 Post

370 2024 467 2067 haec
526 2027 698 2068 adhibito
756 2026 887 2082 spiritu
946 2024 1102 2066 fortiore
1161 2025 1390 2066 solutionem
1451 2023 1509 2065 fili
1579 2024 1697 2066 rursus

366 2099 441 2144 ,per
471 2090 766 2147 microscopium
801 2090 1036 2145 lustrabam·‚
1069 2089 1287 2132 vibrabatur
1326 2090 1457 2145 ingens
1491 2088 1551 2129 vis
1581 2090 1698 2143 parti-

1594 2152 1701 2194 cula·
