1820 2506
147 186 189 231 A
208 178 982 232 PRINCIPIOMOTVSINTERNO
1009 181 1244 229 PROPEL.
1263 184 1346 235 &a
1387 193 1475 235 τις

151 305 320 360 genitam
353 304 409 345 illi
441 302 509 358 ipfi
541 302 716 359 integrali
748 303 884 346 exacte
916 302 1084 345 fiiturum
1118 302 1162 344 fit
1177 302 1342 357 aequale.
1390 302 1476 345 De-

150 371 241 411 inde
273 378 474 423 quaeratur
505 371 692 422 quantitas
722 378 853 410 motus
887 382 984 424 quae
1017 369 1135 421 naui,
1169 367 1196 408 fi
1216 367 1333 408 libera
1368 365 1477 419 effer,

149 435 199 474 ab
230 434 309 475 ic‘tu
343 431 495 488 penduli
541 434 826 486 imprimeretur
844 465 856 486 ,
905 433 1076 487 haecque
1116 444 1209 474 cum
1259 431 1325 472 illa
1365 443 1478 472 com-

151 508 304 553 paretur
322 531 333 549 ,
375 506 420 537 vt
461 506 588 550 pateat
628 507 762 538 vti-um
803 497 919 538 altera
960 497 1005 538 fit
1035 496 1162 538 maior
1178 530 1189 550 ‚
1231 507 1279 537 an
1312 504 1478 550 Vtraque

150 562 326 617 aequalis.
397 561 563 615 Hocque
596 562 720 602 modo
751 561 932 602 tutiffime
963 561 1195 603 concludere
1238 559 1477 615 poterimus,

153 637 291 668 vtrum
324 625 427 666 nauis
458 624 505 665 ab
537 623 597 664 his
627 624 771 665 viribus
801 625 926 666 vllum
959 625 1206 667 consecutura
1237 625 1282 666 sit
1305 632 1478 676 motum,

151 703 223 732 nec
258 687 343 731 ne?

303 755 338 802 §.
381 764 449 803 13.
494 751 598 795 Cum
640 754 753 808 igitur
793 753 831 794 in
874 752 947 795 hac
989 753 1279 808 inuestigatione
1310 751 1483 795 multum

149 818 295 860 interfit
313 851 323 871 ,
366 829 499 860 vtrum
541 819 752 872 pendulum
792 819 838 860 fit
878 819 1044 873 simplex
1086 831 1134 859 an
1185 818 1449 872 compositum
1467 847 1480 869 ‚

150 896 339 939 ponamus
374 885 505 938 primo
538 882 753 937 pendulum
786 881 864 923 effe
897 883 1063 936 simplex
1081 913 1092 934 ,
1127 882 1182 921 ita
1214 891 1260 921 vt
1294 890 1376 921 tota
1401 881 1483 920 eius

150 945 268 989 maffa
303 948 341 987 in
376 947 491 1002 ipsius
524 955 659 987 centro
691 947 884 1000 grauitatis
917 946 966 988 M
1002 944 1167 986 collecta
1192 945 1349 998 concipi
1387 956 1484 997 que-

152 1022 202 1052 at.
270 1010 468 1053 Describat
509 1012 635 1065 itaque
676 1009 755 1051 hoc
794 1011 1006 1065 pendulum
1046 1010 1088 1050 in
1128 1008 1304 1063 quolibet
1336 1006 1480 1049 ascensu
1513 1054 1520 1062 ⁸

147 1086 190 1116 et
222 1076 391 1117 descensu
433 1076 624 1129 integrum
666 1075 914 1129 quadrantem
955 1073 1047 1117 ΒΜ
1058 1072 1106 1115 C.
1175 1071 1236 1114 Sit
1274 1055 1548 1128 longitudoffig’
1573 1062 1605 1086 ‘¹

152 1141 310 1195 penduli
345 1137 728 1192 AMzACza,
765 1140 844 1180 eius
877 1140 1030 1194 pondus
1067 1136 1214 1179 :Mz
1258 1146 1372 1192 atque
1413 1138 1480 1179 de-

151 1204 365 1245 scendendo
401 1217 452 1245 ex
485 1203 519 1244 B
536 1204 662 1258 elapso
696 1212 874 1257 tempore
905 1210 922 1244 t
956 1205 1031 1245 iam
1058 1202 1279 1257 peruenerit
1300 1202 1341 1242 in
1365 1201 1480 1244 fitum

153 1268 252 1309 AM
273 1301 283 1320 ,
319 1269 358 1308 in
391 1281 470 1322 quo
501 1281 523 1308 a
556 1269 658 1309 resta
690 1268 862 1308 verticali
895 1265 979 1308 AC
1021 1269 1236 1310 etiamnum
1270 1265 1384 1307 distet
1415 1278 1485 1307 an·

155 1333 248 1386 gulo
283 1327 571 1384 CAMch:
608 1332 679 1372 erit
711 1330 883 1372 celeritas
917 1333 996 1372 eius
1027 1332 1067 1372 in
1101 1331 1151 1372 M
1185 1329 1310 1370 debita
1353 1330 1482 1370 altitu-

155 1398 235 1437 dini
270 1391 629 1448 LMzacosOE:
666 1395 830 1448 hincque
864 1395 940 1449 ipsa
974 1395 1147 1436 celeritas
1179 1389 1403 1434 :Vacofi
1416 1389 1482 1447 Φ,

153 1475 229 1515 qua
262 1475 353 1502 cum
387 1460 629 1516 tempusculo
661 1459 710 1499 dt
743 1458 911 1500 absoluat
942 1458 1113 1500 arculum
1147 1451 1373 1509 :z—adCD
1408 1458 1485 1500 erit

152 1535 183 1576 d
188 1543 315 1577 τί*
330 1515 470 1596 figi-(5.
538 1534 649 1575 Hanc
684 1534 789 1574 enim
822 1533 948 1586 legem
989 1533 1206 1574 constanter
1246 1532 1454 1574 obseruabo
1471 1566 1484 1585 ,

155 1610 202 1641 vt
234 1600 441 1642 celeritates
473 1613 543 1654 per
578 1598 720 1639 radices
760 1598 958 1652 quadratas
1000 1610 1053 1638 ex
1095 1597 1357 1637 altitudinibus
1397 1597 1486 1651 ipsis

157 1665 291 1705 debitis
310 1697 321 1718 ,
356 1674 395 1705 et
427 1664 616 1718 temporis
649 1662 840 1702 elementa
873 1674 944 1715 per
975 1661 1133 1715 spatiola
1167 1662 1310 1702 interea
1327 1673 1487 1716 percur-

154 1728 191 1773 sa
223 1729 271 1771 ad
304 1729 512 1770 celeritates
545 1727 734 1782 applicata
767 1727 1002 1780 exprimam.

309 1794 344 1843 ξ.
387 1806 455 1844 14.
498 1792 661 1833 Inuenta
701 1790 900 1831 altitudine
942 1789 1127 1831 celeritati
1161 1790 1321 1846 penduli
1360 1791 1401 1832 in
1434 1788 1486 1834 M

160 1869 285 1910 debita
317 1861 547 1918 :acosKD
567 1900 578 1921 ,
613 1867 685 1907 erit
718 1867 777 1907 vis
810 1864 1017 1920 centrifuga
1048 1847 1273 1918 :Q
1304 1877 1360 1905 z
1382 1876 1406 1902 2
1434 1863 1485 1906 M

161 1929 302 1985 cosm,
336 1946 409 1987 qua
426 1931 534 1972 filum
569 1930 664 1972 AM
700 1931 887 1970 tendetur.
955 1930 1114 1972 Deinde
1147 1943 1238 1971 cum
1273 1928 1486 1982 pendulum

162 2011 184 2038 a
218 1998 400 2050 grauitate
432 1995 543 2036 :M
580 1994 754 2036 deorsum
788 2004 966 2047 vrgeatnr
997 1995 1202 2035 secundum
1229 1993 1486 2033 directionem

163 2060 385 2102 verticalem
420 2060 507 2100 MP
526 2093 536 2113 ‚
570 2059 665 2100 haec
700 2059 760 2098 vis
793 2058 998 2099 secundnm
1035 2059 1265 2099 directiones
1298 2055 1408 2111 MQ
1437 2056 1486 2096 ad

165 2125 264 2167 AM
309 2124 523 2164 normalem
542 2157 552 2176 ,
594 2133 632 2164 et
676 2123 769 2165 MR
814 2122 972 2163 resoluta
1013 2123 1117 2163 dabit
1158 2135 1232 2176 pro
1273 2120 1487 2162 direffione

164 2190 274 2245 MQ
297 2190 380 2228 vim
412 2187 603 2229 :Mfin
618 2183 661 2240 Φ
681 2222 691 2239 ‚
726 2196 763 2228 et
800 2200 873 2240 pro
896 2187 1107 2229 direfflone
1129 2187 1225 2229 MR
1243 2186 1324 2227 vim
1342 2184 1390 2226 M
1406 2184 1485 2300 {gil

229 2255 268 2295 T
271 2266 339 2294 om
356 2251 390 2293 Ι.
808 2251 838 2294 P
1469 2261 1482 2302 ;
