1820 2506
350 163 805 213 OBSERVATIONES
855 161 1244 209 ANATOMICAE
1337 172 1459 215 ‘'345-

138 288 234 328 duos
267 287 428 341 pollices
459 296 595 341 aequat
615 320 625 339 ,
667 286 941 339 compleuerat.
1010 282 1058 324 In
1093 290 1325 335 praegnante
1365 294 1452 333 per-

137 363 275 404 parum
310 352 356 391 ab
390 351 461 390 hac
495 350 617 390 forma
651 360 690 390 et
725 349 937 403 quantitate
969 345 1168 389 recesserat
1186 379 1196 397 ,
1238 345 1306 385 nisi
1345 344 1450 398 quod

137 424 226 454 ante
261 413 524 454 diffec‘tionem
557 415 788 454 considerata
821 412 990 453 habitum
1032 409 1165 463 paullo
1199 408 1448 462 turgidiorem

136 490 229 531 prae
258 479 294 516 se
325 477 438 517 ferret
470 487 508 517 et
540 478 678 517 duritie
709 478 865 518 fundum
899 476 1098 529 superaret.
1170 471 1320 512 Contra
1350 472 1450 512 vteri

138 542 222 580 caui
254 540 449 594 longitudo
483 551 560 580 erat
595 542 696 581 vltra
728 541 821 580 octo
854 540 1011 593 pollices
1029 570 1040 589 ,
1081 536 1243 576 latitudo
1275 536 1450 577 maxima

136 604 282 657 septem
333 605 616 657 propemodum
657 604 846 657 pollices;
890 617 963 656 qua
997 600 1218 643 extensione
1249 609 1352 639 tanta
1387 612 1449 640 ca‘

138 680 254 707 verna
284 667 553 706 efformabatur
572 700 581 717 ,
617 681 711 721 quae
730 669 871 707 foetum
890 665 1165 720 septimestrem
1200 677 1289 704 cum
1320 675 1450 703 mem-

139 731 262 771 branis
301 730 449 784 liquore
491 740 531 769 et
573 731 749 783 placenta
793 730 902 770 filcile
942 728 1273 783 complecteretur.
1342 728 1450 768 Haec

138 802 220 833 tota
257 792 387 845 specus
425 805 477 832 ex
512 803 591 833 tam
624 794 779 847 spatiosa
811 794 1061 846 amplitudine
1094 791 1357 832 coaretabatur
1390 791 1450 831 in-

135 856 243 895 ferius
276 856 315 896 in
349 856 619 897 foraminulum
653 859 748 898 adeo
781 858 965 909 exiguum
984 890 994 908 ‚
1038 866 1083 895 vt
1116 856 1188 894 vix
1229 854 1351 907 pisum
1384 855 1451 894 ad-

135 920 332 970 mitteret,
375 932 442 959 ceu
484 920 650 961 osculum
700 920 878 960 vrethrae
921 930 1113 959 internum
1154 929 1205 956 ex
1244 918 1451 957 contractis

136 982 278 1022 vesicae
325 984 510 1022 vrinariae
559 984 694 1023 tunicis
745 992 958 1035 generatur.
1034 982 1125 1022 Hoc
1176 979 1449 1021 foraminulum

135 1058 297 1085 vocare*
312 1046 435 1099 placet
468 1045 638 1086 osculum
670 1047 825 1087 ceruicis
859 1046 1051 1086 internum
1072 1078 1083 1097 ‚
1125 1054 1171 1084 vt
1202 1043 1450 1097 distinguatur

134 1109 182 1148 ab
222 1109 344 1148 altero
388 1109 507 1160 vulgo
548 1110 719 1161 cognito,
753 1122 797 1149 os
831 1111 931 1149 vteri
964 1109 1082 1159 dicto,
1117 1107 1318 1147 transuersa
1350 1109 1450 1154 rima

138 1171 176 1209 in
211 1172 390 1222 vaginam
425 1171 554 1210 hiante
573 1204 583 1223 ‚
618 1172 721 1225 quod
754 1172 925 1212 osculum
959 1171 1111 1212 ceruicis
1144 1180 1346 1217 externum
1380 1184 1450 1226 ap-

137 1234 371 1287 pellabimus.

288 1297 365 1337 XL
402 1297 553 1338 Totum
589 1298 757 1339 osculum
792 1299 982 1340 internum
1017 1297 1205 1339 occlusum
1249 1307 1329 1338 erat
1361 1311 1450 1339 mu-

138 1373 187 1400 co
220 1362 386 1414 quodam
420 1361 604 1402 albicante
623 1396 633 1414 ,
667 1363 860 1416 pellucido
902 1362 1052 1403 summo
1092 1362 1282 1415 glutinoso
1323 1372 1363 1402 et
1390 1372 1450 1403 te-

138 1425 252 1473 naci,
287 1425 351 1477 qui
386 1425 483 1465 intra
516 1426 637 1478 ipsam
679 1428 779 1467 vteri
820 1427 1023 1466 cauitatem
1042 1426 1223 1479 'paullum
1257 1427 1451 1479 exturges-

137 1487 257 1526 cebat.
302 1488 411 1527 Idem
446 1502 576 1528 mucus
612 1490 859 1529 extuberabat
899 1503 950 1529 ex
981 1490 1120 1530 osculo·
1140 1499 1312 1530 externo.
1356 1491 1451 1530 Erat

136 1560 263 1590 autem
305 1552 383 1591 eius
423 1562 525 1591 tanta
567 1553 680 1605 copia
701 1586 710 1604 ‚
752 1563 796 1592 vt
833 1553 884 1592 ob
926 1554 1109 1606 insignem
1154 1553 1450 1606 glutinofitatem

136 1614 184 1652 ad
217 1615 360 1653 multos
393 1615 551 1667 pollices
585 1617 716 1669 abstine
756 1627 910 1670 ruptura
942 1616 1200 1657 extraherem.
1268 1616 1450 1657 Eundem

136 1689 294 1717 mucum
335 1679 374 1716 in
408 1679 555 1731 virgine
589 1690 627 1719 et
660 1682 795 1719 vetulis
828 1681 926 1719 circa
960 1680 1074 1720 osculi
1108 1681 1262 1721 externi
1294 1681 1447 1733 rimam,

138 1740 201 1779 etsi
236 1753 323 1803 non⁸
348 1749 429 1779 tam
463 1743 659 1794 copiosum
693 1744 938 1796 deprehendi.

288 1802 386 1842 XII.
424 1804 624 1857 Postquam
656 1809 842 1847 ceruicem
867 1840 876 1856 ‚
914 1809 1133 1847 continuata
1167 1808 1265 1848 vteri
1284 1808 1450 1849 seditione

140 1865 434 1917 longitudinali,
478 1870 636 1920 aperui:
682 1880 764 1909 tota
806 1872 976 1912 distantia
1018 1872 1065 1911 ab
1107 1885 1190 1910 vno
1229 1872 1358 1911 osculo
1401 1873 1449 1912 ad

140 1928 298 1968 alterum
317 1930 496 1982 pollicem
514 1933 662 1972 circiter
677 1946 896 1986 aequauerat
916 1935 999 1990 (1);
1034 1935 1229 1975 crassitudo
1247 1937 1447 1989 parietum,
1462 1942 1666 1979 (13Tab.X11·

140 1991 360 2032 solidiorum
402 2007 513 2046 quarn
559 1997 657 2035 vteri
698 1998 858 2049 parietes
877 2031 887 2049 ,
931 2009 1091 2052 quatuor
1130 1999 1247 2039 lineas
1287 2001 1446 2041 excede-
1478 1985 1525 2023 fig*
1554 1995 1602 2014 ¹¹·
1625 1995 1642 2015 ⁰

142 2054 206 2093 bat
226 2052 311 2109 (2),
345 2069 458 2108 quam
487 2057 721 2100 substantiam
755 2061 932 2102 intimam
954 2095 964 2113 ,
998 2071 1170 2103 tenacem
1204 2064 1644 2118 compa&am(2>1bu.2.

208 2119 328 2159 TOss'l.
368 2118 399 2158 I.
744 2126 787 2163 X
807 2137 835 2164 x
940 2137 942 2139 ’
1320 2140 1431 2180 perse
