1820 2506
706 185 737 245 )(
778 197 828 238 51
870 183 902 242 )(

145 300 371 345 decrescere.
435 296 489 344 Si.
526 315 561 343 e.
598 314 634 356 g.
669 300 880 342 differentia
921 297 1035 339 initio
1068 294 1123 337 est
1160 305 1241 335 100
1262 330 1274 350 ‚
1307 303 1347 337 et
1378 297 1462 351 post

150 369 318 422 quinque
352 368 446 409 min.
484 381 545 421 pr.
580 378 655 419 95.
690 380 745 420 gr.
781 365 867 420 post
906 376 970 403 10.
1003 362 1152 403 minuta
1179 370 1253 401 erit
1290 373 1366 413 90}
1401 374 1458 414 gr.

150 429 228 487 (3)
263 432 330 473 Ex
365 432 448 484 lege
481 431 714 472 decrementi
746 439 784 470 et
818 427 1044 469 incrementi
1078 425 1215 466 caloris
1249 426 1363 466 etiam
1395 426 1458 466 de·

149 496 286 536 riu-‚luit
327 505 437 537 autor
477 496 755 536 thermometra
796 492 964 547 perfeece
1007 489 1281 531 concordantia
1320 497 1362 529 et
1402 501 1457 529 ae-

148 572 223 613 que
255 559 405 600 velocia
425 571 504 599 non
529 559 726 609 obtineri,
761 558 829 599 nisi
865 553 1075 611 superficies
1103 553 1306 595 bulborum
1333 552 1461 594 Ther-

148 623 472 664 mometricorum
505 622 576 662 fint
594 654 604 674 ‚
638 633 683 663 vt
716 619 1163 676 voluminasbulborum.

150 753 414 791 TENTAMEN
439 754 601 793 LEGEM
628 751 1010 792 EVAPORATIONIS
1045 751 1215 796 AQVAE
1246 751 1460 789 CALIDAR

173 803 220 840 IN
249 804 375 842 AERE
400 806 427 842 F
429 805 663 844 RlGlDIORl
690 803 988 842 CONSTANTIS
1013 801 1268 840 TEMPERIEI
1304 801 1430 840 DEFI-

385 856 553 893 NIENDI.
607 856 751 894 AVCT.
788 854 837 892 G.
863 854 924 895 W.
952 851 1218 891 RICHMANN.

147 944 364 1043 Inquifiuit
383 955 499 995 etiam
534 955 639 995 idem
671 963 782 993 autor
816 952 855 992 in
888 949 1226 1003 euaporationem,
1261 955 1301 989 et
1332 948 1464 1002 primo

223 1019 538 1069 euaporationem
574 1030 624 1058 ex
659 1016 855 1070 superficie
887 1026 1005 1069 aquae
1039 1013 1230 1055 calidioris
1261 1007 1351 1052 ae're
1394 1024 1464 1053 ex-

145 1080 330 1120 aminauit
348 1115 358 1133 ‚
394 1093 432 1122 et
483 1083 629 1123 inuenit
687 1094 739 1121 ex
789 1078 1111 1121 obieruationibus
1162 1078 1202 1117 in
1252 1076 1464 1117 tentamine

144 1143 204 1183 sua
247 1144 450 1187 definiendi
494 1146 620 1199 legem
663 1143 946 1199 euaporationis
968 1175 979 1194 ,
1021 1142 1246 1196 quantitates
1279 1152 1458 1193 euaporar-

145 1216 199 1246 tas
233 1207 272 1246 iu
305 1210 491 1250 constanti
527 1212 622 1251 a'e‘ris
656 1210 844 1264 temperie
877 1205 955 1247 effe
984 1207 1102 1248 ferme
1137 1207 1176 1246 in
1208 1205 1356 1245 ratione
1383 1204 1462 1258 spa—

145 1271 292 1311 tiorum
337 1271 652 1327 Logarithmicae
693 1274 798 1313 cuius
839 1271 1131 1312 semiordinatae
1175 1268 1363 1309 exhibent
1394 1267 1465 1307 dif-

144 1334 316 1375 ferentias
359 1337 460 1378 inter
503 1337 732 1390 temperiem
772 1347 888 1390 aquae
921 1344 959 1374 et
991 1333 1090 1374 ae'ris
1108 1365 1119 1386 ,
1161 1331 1233 1372 sese
1266 1329 1465 1371 successiue

142 1398 382 1451 excipientes
401 1413 432 1452 ‚¹
462 1409 501 1440 et
534 1397 707 1441 absciffae
742 1408 920 1451 tempora
940 1430 950 1449 ,
991 1396 1086 1449 vel,
1130 1396 1183 1436 ob
1223 1394 1461 1435 constantem

149 1461 457 1516 subtangentem‚
492 1462 567 1504 effe
601 1473 644 1504 vt
662 1462 889 1504 differentias
921 1459 1221 1502 differentiarum
1241 1460 1342 1500 inter
1360 1458 1464 1501 tem-

150 1538 299 1580 penem
333 1539 451 1581 aquae
484 1538 522 1569 et
554 1530 662 1569 aeris.

177 1657 538 1701 MEDITATIONES
562 1662 626 1701 DE
652 1660 856 1700 CALORIS
890 1661 953 1698 ET
989 1659 1214 1700 FRIGORIS
1269 1659 1442 1703 CAVSA.

537 1713 680 1751 AVCT.
711 1713 760 1750 M.
789 1712 1122 1749 LOMONOSOW.

153 1815 380 1913 Calorem
413 1828 452 1868 in
484 1838 596 1869 motu
630 1828 811 1869 materiae
853 1826 1027 1867 constare
1076 1824 1306 1877 ostenditur,
1349 1825 1382 1873 ξ.
1426 1837 1463 1864 1.

116 1936 118 1939 y
266 1889 423 1932 Motum
482 1891 592 1933 illum
644 1892 773 1932 calidis
820 1891 1045 1944 corporibus
1096 1887 1241 1939 ineffe,
1293 1889 1467 1941 quamuis

151 1965 232 1990 non
265 1954 413 2008 semper
445 1957 676 2009 percipiatur
706 1955 835 2007 sensti,
872 1956 904 2003 §.
947 1968 984 1993 2.
1021 1952 1200 1994 Calorem
1235 1953 1403 1992 constare
1424 1954 1464 1994 in

145 2028 258 2057 motu
294 2020 471 2061 materiae
505 2020 681 2061 intestino
717 2020 898 2074 probatur
919 2052 928 2069 ,
974 2019 1007 2066 ξ.
1045 2032 1086 2068 3.
1123 2016 1283 2059 Motum
1325 2015 1468 2056 intesti-

146 2093 240 2122 num
262 2084 442 2124 materiae
467 2083 686 2125 coherentis
706 2083 840 2123 caloris
856 2084 1001 2124 caufiim
1019 2081 1095 2123 effe
1143 2079 1314 2123 afferitur
1348 2081 1382 2128 ξ.
1407 2091 1434 2129 4
1455 2111 1467 2130 ,

718 2159 745 2201 g
779 2159 803 2186 2
1360 2142 1466 2197 quod
