1820 2506
455 164 539 221 DE
571 160 643 208 VI
676 159 849 207 AERIS
881 158 1167 223 ELASTICA
1388 176 1476 219 237

149 285 389 330 decrescente
418 297 517 327 vero
551 284 717 327 eundem
749 282 860 327 fimul
894 282 1125 325 debiliorem
1159 283 1297 340 reddi,
1325 283 1397 337 ita,
1431 293 1478 326 vt

147 352 306 393 caeteris
337 350 490 405 paribus
510 384 521 403 ,
557 351 596 391 in
634 350 786 392 summo
805 383 816 403 ‚
852 351 971 405 quem
1006 350 1185 389 nouimus
1203 381 1215 401 ,
1250 347 1380 389 calore
1399 347 1478 389 ela-

147 425 206 459 ter
236 417 431 458 maximus
448 445 460 467 ‚
494 416 535 455 in
569 416 739 456 minimo
773 427 869 456 vero
888 447 900 467 ,
932 415 994 454 {eu
1027 411 1169 467 frigore
1188 447 1199 467 ‚
1233 414 1340 467 quod
1372 413 1475 455 hunc

146 494 265 535 vsque
284 482 322 521 in
340 481 443 521 diem
476 479 717 521 obseruatum
736 478 790 521 est
810 513 822 534 ,
856 479 1057 532 maximo,
1090 479 1277 520 minimus
1297 478 1475 520 constan«

147 553 187 586 te
220 545 308 598 lege
339 544 661 598 deprehendatur.
728 545 846 586 Vnde
879 553 987 599 patet
1005 576 1016 597 ,
1050 551 1205 586 atomos
1236 555 1364 585 aereas
1381 555 1475 599 pro-

145 611 297 651 ratione
330 609 430 650 aucti
456 608 521 648 vel
552 604 734 650 diminuti
768 608 907 665 caloris
939 621 1013 664 per
1043 620 1223 652 mutuum
1247 603 1476 651 contaetum

145 673 280 714 fortius
313 683 376 713 aut
409 671 594 714 remiffius
628 673 668 714 in
702 675 738 714 ie
770 674 940 715 inuicem
975 686 1084 729 agere
1102 707 1113 728 ‚
1148 686 1262 730 atque
1286 679 1387 720 adeo
1413 692 1476 720 ca-

143 737 228 779 lore
244 770 255 790 ,
298 734 326 778 fi
357 750 529 791 vnquam
563 737 650 778 fieri
682 738 810 793 potest
828 772 840 792 ,
874 739 1024 794 prorsus
1056 737 1226 781 cessante
1244 774 1256 794 ,
1288 742 1373 785 illas
1389 756 1474 786 om-

144 803 186 844 ni
203 802 352 843 laudata
365 801 521 843 afflone
539 802 691 844 destitui
708 803 861 846 debere.
922 804 1027 846 Hinc
1060 811 1180 846 autem
1209 806 1374 862 sequitur
1397 821 1477 852 mu·

144 873 245 910 tuam
262 866 437 909 astionem
463 874 663 910 atomorum
687 870 788 911 aeris
814 883 841 911 a
856 864 947 924 stylo„
964 867 1083 925 calore
1093 867 1290 925 prfficisti.

295 932 329 981 §.
356 943 426 982 15⁶.
448 930 566 974 Calor
590 933 760 974 consistit
785 933 825 974 in
851 942 965 974 motu
983 935 1183 986 gyratorio
1202 936 1476 988 particularum

142 998 318 1052 corporis
334 997 447 1039 calidi
467 993 532 1053 (ἢ
548 998 733 1052 quidquid
750 998 865 1051 igitur
882 998 987 1038 calor
1002 996 1135 1050 efficit,
1154 1011 1176 1038 a
1192 1010 1302 1041 motu
1319 1013 1477 1056 gyrato.

140 1062 203 1103 rio
221 1061 489 1117 particularum
508 1064 685 1117 corporis
702 1062 815 1104 calidi
833 1061 1097 1117 proficiscitur,
1105 1071 1218 1117 atque
1237 1066 1332 1107 adeo
1343 1078 1477 1110 mutua

141 1135 365 1169 atomorum
384 1127 482 1168 aeris
499 1127 602 1168 aetio
611 1128 755 1180 pendet
772 1137 912 1168 amutu
930 1128 1130 1180 gyratorio
1148 1131 1370 1173 earundem.
1392 1134 1475 1174 Ve-

141 1203 230 1232 rum
247 1192 326 1232 duo
344 1203 512 1245 corpora
537 1189 730 1244 sphaerica
754 1190 925 1230 absolute
943 1190 1066 1230 laeuia
1090 1191 1130 1230 in
1148 1195 1346 1235 contractu
1365 1197 1475 1238 iuxta

140 1253 178 1295 se
196 1256 362 1297 inuicem
381 1255 503 1309 posita
528 1263 568 1294 et
586 1268 701 1310 quam
719 1254 904 1306 ocyffime
922 1255 962 1294 in
980 1266 1121 1308 gyrum
1140 1255 1222 1296 acta
1241 1258 1280 1297 in
1290 1252 1324 1299 ie
1332 1270 1475 1303 mutuo

140 1320 194 1359 ita
212 1332 323 1373 agere
343 1333 424 1360 non
443 1316 614 1373 potsunt,
634 1329 679 1359 vt
696 1319 762 1359 ase
776 1320 948 1359 inuicem
966 1317 1154 1360 diffili‘ant.
1193 1319 1472 1368 Demonstrata

140 1384 255 1436 igitur
271 1384 438 1438 superius
456 1384 489 1433 §.
535 1391 573 1426 8.
616 1385 757 1424 veritas
791 1383 920 1424 denuo
956 1383 1239 1439 confirmatur,
1276 1398 1314 1429 et
1338 1391 1473 1444 proui-

140 1447 212 1489 dae
227 1458 381 1489 natume
412 1449 610 1502 ingenium
645 1448 768 1488 elucet
786 1481 797 1499 ,
830 1461 926 1502 quae
957 1449 1077 1488 vnico
1100 1450 1315 1506 eodemque
1338 1456 1474 1496 medio

137 1513 266 1553 varios
299 1511 456 1553 effeetus
496 1513 538 1552 in
578 1511 803 1565 corporibus
841 1511 1049 1565 iaepiflime
1089 1515 1306 1569 producere
1345 1518 1443 1560 solet
1459 1552 1471 1572 ‚

143 1576 202 1616 vti
235 1575 300 1617 hic
335 1586 556 1618 atomorum
590 1578 686 1617 aeris
718 1575 918 1632 asperitate
951 1586 991 1616 et
1024 1575 1196 1619 calorem
1230 1581 1306 1622 eius
1323 1595 1468 1638 corpo-

138 1640 241 1682 ribus
272 1641 352 1682 aliis
384 1642 648 1682 communicat
666 1638 717 1696 (§.
746 1638 786 1697 8)
822 1650 861 1681 et
877 1640 1009 1681 elateri
1043 1646 1267 1685 exercendo
1299 1648 1466 1691 inseruit.

291 1705 325 1754 ξ.
343 1710 409 1745 16.
431 1704 518 1747 Sint
536 1706 649 1760 igitur
668 1706 764 1747 duae
781 1705 904 1746 atomi
922 1706 1019 1745 aeris
1036 1706 1076 1745 A
1096 1716 1136 1746 et
1153 1705 1189 1747 B
1206 1722 1227 1749 a
1245 1709 1281 1750 se
1297 1712 1468 1755 inuicem
1595 1762 1599 1767 ⁵

141 1769 317 1811 distantes
345 1771 399 1810 ita
431 1779 476 1810 vt
507 1770 547 1811 A
580 1771 626 1812 fit
657 1769 829 1824 superior
861 1779 997 1811 atomo
1029 1768 1077 1810 B.
1148 1771 1320 1829 Vtraque
1359 1779 1465 1830 ocys-
1478 1754 1547 1842 gf}
1566 1761 1636 1838 gn*

142 1834 235 1875 fime
280 1842 483 1875 moueatur
530 1835 571 1873 in
622 1847 761 1888 gyrum
812 1835 864 1875 ita
883 1868 893 1887 ‚
936 1843 983 1875 vt
1016 1847 1104 1889 pars
1136 1834 1346 1892 superficiei
1380 1852 1462 1884 ato-

142 1900 199 1941 mi
233 1898 273 1938 A
307 1907 485 1939 atomum
518 1896 554 1938 B
588 1897 755 1952 speecans
786 1898 924 1939 feratur
955 1900 1165 1941 secundum
1205 1904 1464 1951 directionem

142 1963 372 2005 contrariam
402 1963 468 2014 ei,
503 1962 630 2004 versus
662 1976 777 2017 quam
810 1963 983 2017 dirigitur
1015 1978 1103 2017 pars
1135 1966 1346 2020 superficiei
1378 1982 1465 2014 ato-

144 2028 202 2071 mi
264 2024 300 2068 B
325 2059 337 2080 ‚
389 2026 559 2082 spectans
608 2036 784 2069 atomum
837 2028 877 2068 A
904 2061 915 2081 ,
957 2038 1076 2083 prout
1135 2030 1301 2075 telorum
1359 2035 1462 2091 figna

730 2091 770 2136 G
788 2105 814 2147 g
849 2104 874 2141 3
1399 2102 1472 2164 itt-t

189 2176 232 2219 (Ἴ
257 2178 446 2210 meditationes
464 2178 499 2208 de
521 2180 613 2212 cuore,
