<?xml version="1.0" encoding="UTF-8"?>
<!DOCTYPE html PUBLIC "-//W3C//DTD XHTML 1.0 Transitional//EN"
    "http://www.w3.org/TR/xhtml1/DTD/xhtml1-transitional.dtd">
<html xmlns="http://www.w3.org/1999/xhtml" xml:lang="en" lang="en">
 <head>
  <title>
</title>
<meta http-equiv="Content-Type" content="text/html;charset=utf-8" />
  <meta name='ocr-system' content='tesseract 3.04.00' />
  <meta name='ocr-capabilities' content='ocr_page ocr_carea ocr_par ocr_line ocrx_word'/>
</head>
<body>
  <div class='ocr_page' id='page_1' title='image "./novicommentariac01impe_0322.png"; bbox 0 0 1820 2506; ppageno 0'>
   <div class='ocr_carea' id='block_1_1' title="bbox 375 156 1246 222">
    <p class='ocr_par' dir='ltr' id='par_1_1' title="bbox 375 156 1246 222">
     <span class='ocr_line' id='line_1_1' title="bbox 375 156 1246 222; baseline 0.001 -10"><span class='ocrx_word' id='word_1_1' title='bbox 375 183 464 222; x_wconf 80' lang='lat'>224</span> <span class='ocrx_word' id='word_1_2' title='bbox 801 156 1246 214; x_wconf 65' lang='lat' dir='ltr'><strong><em>MEDITATIONES</em></strong></span> 
     </span>
    </p>
   </div>
   <div class='ocr_carea' id='block_1_2' title="bbox 372 279 1701 2175">
    <p class='ocr_par' dir='ltr' id='par_1_2' title="bbox 372 279 1701 2175">
     <span class='ocr_line' id='line_1_2' title="bbox 372 279 1690 344; baseline -0.002 -15"><span class='ocrx_word' id='word_1_3' title='bbox 372 289 541 344; x_wconf 83' lang='lat' dir='ltr'>partium</span> <span class='ocrx_word' id='word_1_4' title='bbox 588 285 855 331; x_wconf 86' lang='lat' dir='ltr'>cohaesionem</span> <span class='ocrx_word' id='word_1_5' title='bbox 888 285 1131 340; x_wconf 84' lang='lat' dir='ltr'>expansionis</span> <span class='ocrx_word' id='word_1_6' title='bbox 1163 284 1449 338; x_wconf 87' lang='lat' dir='ltr'>impedimento</span> <span class='ocrx_word' id='word_1_7' title='bbox 1490 279 1567 325; x_wconf 80' lang='lat' dir='ltr'>esse</span> <span class='ocrx_word' id='word_1_8' title='bbox 1607 284 1690 339; x_wconf 79' lang='lat' dir='ltr'>quis</span> 
     </span>
     <span class='ocr_line' id='line_1_3' title="bbox 374 347 1689 408; baseline -0.003 -14"><span class='ocrx_word' id='word_1_9' title='bbox 374 362 502 408; x_wconf 84' lang='lat' dir='ltr'>putet:</span> <span class='ocrx_word' id='word_1_10' title='bbox 538 354 683 408; x_wconf 84' lang='lat' dir='ltr'>quippe</span> <span class='ocrx_word' id='word_1_11' title='bbox 724 352 933 405; x_wconf 84' lang='lat' dir='ltr'><strong>chalybem</strong></span> <span class='ocrx_word' id='word_1_12' title='bbox 966 347 1123 390; x_wconf 87' lang='lat' dir='ltr'>fortiore</span> <span class='ocrx_word' id='word_1_13' title='bbox 1147 348 1313 402; x_wconf 86' lang='lat' dir='ltr'>partium</span> <span class='ocrx_word' id='word_1_14' title='bbox 1347 348 1572 390; x_wconf 85' lang='lat' dir='ltr'>cohaesione</span> <span class='ocrx_word' id='word_1_15' title='bbox 1598 361 1689 402; x_wconf 79' lang='lat' dir='ltr'>gau-</span> 
     </span>
     <span class='ocr_line' id='line_1_4' title="bbox 374 412 1690 470; baseline -0.002 -13"><span class='ocrx_word' id='word_1_16' title='bbox 374 417 465 457; x_wconf 90' lang='lat' dir='ltr'>dere</span> <span class='ocrx_word' id='word_1_17' title='bbox 497 431 612 470; x_wconf 89' lang='lat' dir='ltr'>quam</span> <span class='ocrx_word' id='word_1_18' title='bbox 645 416 782 457; x_wconf 90' lang='lat' dir='ltr'>ferrum</span> <span class='ocrx_word' id='word_1_19' title='bbox 817 426 935 455; x_wconf 90' lang='lat' dir='ltr'>nemo</span> <span class='ocrx_word' id='word_1_20' title='bbox 969 413 1021 454; x_wconf 89' lang='lat' dir='ltr'>est</span> <span class='ocrx_word' id='word_1_21' title='bbox 1066 413 1132 467; x_wconf 92' lang='lat' dir='ltr'>qui</span> <span class='ocrx_word' id='word_1_22' title='bbox 1158 412 1337 464; x_wconf 84' lang='lat' dir='ltr'>ignorat,</span> <span class='ocrx_word' id='word_1_23' title='bbox 1371 413 1519 453; x_wconf 88' lang='lat' dir='ltr'>maiora</span> <span class='ocrx_word' id='word_1_24' title='bbox 1557 421 1690 456; x_wconf 86' lang='lat' dir='ltr'>tamen</span> 
     </span>
     <span class='ocr_line' id='line_1_5' title="bbox 374 475 1695 531; baseline -0.002 -11"><span class='ocrx_word' id='word_1_25' title='bbox 374 481 609 521; x_wconf 86' lang='lat' dir='ltr'>incrementa</span> <span class='ocrx_word' id='word_1_26' title='bbox 640 479 875 520; x_wconf 84' lang='lat' dir='ltr'>extensionis</span> <span class='ocrx_word' id='word_1_27' title='bbox 904 489 1039 531; x_wconf 80' lang='lat' dir='ltr'>capere</span> <span class='ocrx_word' id='word_1_28' title='bbox 1055 508 1065 528; x_wconf 86' lang='lat'>,</span> <span class='ocrx_word' id='word_1_29' title='bbox 1098 475 1237 516; x_wconf 75' lang='lat' dir='ltr'>terrum</span> <span class='ocrx_word' id='word_1_30' title='bbox 1279 484 1407 516; x_wconf 88' lang='lat' dir='ltr'>autem</span> <span class='ocrx_word' id='word_1_31' title='bbox 1439 477 1590 518; x_wconf 84' lang='lat' dir='ltr'>minora</span> <span class='ocrx_word' id='word_1_32' title='bbox 1623 489 1695 518; x_wconf 81' lang='lat' dir='ltr'>ex-</span> 
     </span>
     <span class='ocr_line' id='line_1_6' title="bbox 374 539 1690 600; baseline -0.003 -15"><span class='ocrx_word' id='word_1_33' title='bbox 374 545 561 600; x_wconf 84' lang='lat' dir='ltr'>perientia</span> <span class='ocrx_word' id='word_1_34' title='bbox 594 543 738 583; x_wconf 91' lang='lat' dir='ltr'>docuit.</span> <span class='ocrx_word' id='word_1_35' title='bbox 807 539 871 583; x_wconf 92' lang='lat' dir='ltr'>Sic</span> <span class='ocrx_word' id='word_1_36' title='bbox 909 551 948 581; x_wconf 91' lang='lat' dir='ltr'>et</span> <span class='ocrx_word' id='word_1_37' title='bbox 981 539 1236 582; x_wconf 84' lang='lat' dir='ltr'>aurichalcum</span> <span class='ocrx_word' id='word_1_38' title='bbox 1251 572 1263 592; x_wconf 86' lang='lat'>‚</span> <span class='ocrx_word' id='word_1_39' title='bbox 1296 551 1437 593; x_wconf 88' lang='lat' dir='ltr'>corpus</span> <span class='ocrx_word' id='word_1_40' title='bbox 1469 552 1590 593; x_wconf 83' lang='lat' dir='ltr'>cupro</span> <span class='ocrx_word' id='word_1_41' title='bbox 1621 541 1690 581; x_wconf 87' lang='lat' dir='ltr'>du-</span> 
     </span>
     <span class='ocr_line' id='line_1_7' title="bbox 378 603 1694 660; baseline -0.003 -12"><span class='ocrx_word' id='word_1_42' title='bbox 378 608 455 649; x_wconf 83' lang='lat' dir='ltr'>rius</span> <span class='ocrx_word' id='word_1_43' title='bbox 474 641 485 660; x_wconf 87' lang='lat'>‚</span> <span class='ocrx_word' id='word_1_44' title='bbox 539 607 681 648; x_wconf 90' lang='lat' dir='ltr'>eodem</span> <span class='ocrx_word' id='word_1_45' title='bbox 731 605 862 647; x_wconf 88' lang='lat' dir='ltr'>calore</span> <span class='ocrx_word' id='word_1_46' title='bbox 911 606 1032 658; x_wconf 84' lang='lat' dir='ltr'>magis</span> <span class='ocrx_word' id='word_1_47' title='bbox 1082 616 1199 658; x_wconf 85' lang='lat' dir='ltr'>quam</span> <span class='ocrx_word' id='word_1_48' title='bbox 1233 603 1273 644; x_wconf 94' lang='lat' dir='ltr'>id</span> <span class='ocrx_word' id='word_1_49' title='bbox 1306 603 1549 656; x_wconf 86' lang='lat' dir='ltr'>expanditur.</span> <span class='ocrx_word' id='word_1_50' title='bbox 1602 603 1694 645; x_wconf 91' lang='lat' dir='ltr'>Nec</span> 
     </span>
     <span class='ocr_line' id='line_1_8' title="bbox 376 667 1691 725; baseline -0.003 -14"><span class='ocrx_word' id='word_1_51' title='bbox 376 672 496 711; x_wconf 83' lang='lat' dir='ltr'>etiam</span> <span class='ocrx_word' id='word_1_52' title='bbox 538 671 660 725; x_wconf 88' lang='lat' dir='ltr'>aliqua</span> <span class='ocrx_word' id='word_1_53' title='bbox 699 670 904 711; x_wconf 86' lang='lat' dir='ltr'>retardatio</span> <span class='ocrx_word' id='word_1_54' title='bbox 946 668 1228 709; x_wconf 82' lang='lat' dir='ltr'>incalescentiae</span> <span class='ocrx_word' id='word_1_55' title='bbox 1265 680 1288 707; x_wconf 89' lang='lat' dir='ltr'>a</span> <span class='ocrx_word' id='word_1_56' title='bbox 1321 668 1469 707; x_wconf 87' lang='lat' dir='ltr'>maiore</span> <span class='ocrx_word' id='word_1_57' title='bbox 1518 667 1691 721; x_wconf 87' lang='lat' dir='ltr'>pondere</span> 
     </span>
     <span class='ocr_line' id='line_1_9' title="bbox 374 731 1695 788; baseline -0.002 -14"><span class='ocrx_word' id='word_1_58' title='bbox 374 734 547 788; x_wconf 66' lang='lat' dir='ltr'>profecta</span> <span class='ocrx_word' id='word_1_59' title='bbox 566 768 577 787; x_wconf 84' lang='lat'>‚</span> <span class='ocrx_word' id='word_1_60' title='bbox 608 743 672 774; x_wconf 91' lang='lat' dir='ltr'>aut</span> <span class='ocrx_word' id='word_1_61' title='bbox 704 745 948 788; x_wconf 88' lang='lat' dir='ltr'>quaecunque</span> <span class='ocrx_word' id='word_1_62' title='bbox 981 732 1052 773; x_wconf 85' lang='lat' dir='ltr'>alia</span> <span class='ocrx_word' id='word_1_63' title='bbox 1085 731 1366 773; x_wconf 87' lang='lat' dir='ltr'>circumstantia</span> <span class='ocrx_word' id='word_1_64' title='bbox 1384 763 1395 784; x_wconf 86' lang='lat'>‚</span> <span class='ocrx_word' id='word_1_65' title='bbox 1430 744 1525 785; x_wconf 88' lang='lat' dir='ltr'>quae</span> <span class='ocrx_word' id='word_1_66' title='bbox 1558 732 1597 771; x_wconf 87' lang='lat' dir='ltr'>in</span> <span class='ocrx_word' id='word_1_67' title='bbox 1639 731 1695 772; x_wconf 86' lang='lat' dir='ltr'>di-</span> 
     </span>
     <span class='ocr_line' id='line_1_10' title="bbox 375 792 1694 852; baseline -0.004 -13"><span class='ocrx_word' id='word_1_68' title='bbox 375 797 491 839; x_wconf 79' lang='lat' dir='ltr'>versis</span> <span class='ocrx_word' id='word_1_69' title='bbox 530 798 751 852; x_wconf 85' lang='lat' dir='ltr'>corporibus</span> <span class='ocrx_word' id='word_1_70' title='bbox 802 797 1042 851; x_wconf 78' lang='lat' dir='ltr'>expansionis</span> <span class='ocrx_word' id='word_1_71' title='bbox 1093 796 1379 849; x_wconf 88' lang='lat' dir='ltr'>impedimento</span> <span class='ocrx_word' id='word_1_72' title='bbox 1429 792 1528 835; x_wconf 88' lang='lat' dir='ltr'>foret</span> <span class='ocrx_word' id='word_1_73' title='bbox 1545 828 1556 847; x_wconf 85' lang='lat'>,</span> <span class='ocrx_word' id='word_1_74' title='bbox 1598 793 1694 848; x_wconf 87' lang='lat' dir='ltr'>fingi</span> 
     </span>
     <span class='ocr_line' id='line_1_11' title="bbox 373 857 1695 917; baseline -0.003 -15"><span class='ocrx_word' id='word_1_75' title='bbox 373 862 502 917; x_wconf 92' lang='lat' dir='ltr'>potest</span> <span class='ocrx_word' id='word_1_76' title='bbox 519 895 530 915; x_wconf 87' lang='lat'>‚</span> <span class='ocrx_word' id='word_1_77' title='bbox 579 862 672 916; x_wconf 90' lang='lat' dir='ltr'>quin</span> <span class='ocrx_word' id='word_1_78' title='bbox 723 860 904 915; x_wconf 86' lang='lat' dir='ltr'>exempla</span> <span class='ocrx_word' id='word_1_79' title='bbox 955 860 1143 900; x_wconf 84' lang='lat' dir='ltr'>contraria</span> <span class='ocrx_word' id='word_1_80' title='bbox 1192 866 1375 900; x_wconf 90' lang='lat' dir='ltr'>occurant</span> <span class='ocrx_word' id='word_1_81' title='bbox 1400 892 1411 912; x_wconf 90' lang='lat'>,</span> <span class='ocrx_word' id='word_1_82' title='bbox 1460 871 1555 913; x_wconf 83' lang='lat' dir='ltr'>quae</span> <span class='ocrx_word' id='word_1_83' title='bbox 1604 857 1695 898; x_wconf 67' lang='lat' dir='ltr'>fieta</span> 
     </span>
     <span class='ocr_line' id='line_1_12' title="bbox 375 921 1696 978; baseline -0.002 -13"><span class='ocrx_word' id='word_1_84' title='bbox 375 925 567 965; x_wconf 87' lang='lat' dir='ltr'>destruant</span> <span class='ocrx_word' id='word_1_85' title='bbox 585 958 597 977; x_wconf 90' lang='lat'>,</span> <span class='ocrx_word' id='word_1_86' title='bbox 657 937 775 978; x_wconf 84' lang='lat' dir='ltr'>quam</span> <span class='ocrx_word' id='word_1_87' title='bbox 835 925 898 965; x_wconf 92' lang='lat' dir='ltr'>diu</span> <span class='ocrx_word' id='word_1_88' title='bbox 940 924 1125 977; x_wconf 83' lang='lat' dir='ltr'>expansio</span> <span class='ocrx_word' id='word_1_89' title='bbox 1164 922 1434 964; x_wconf 68' lang='lat' dir='ltr'>calef-aetorum</span> <span class='ocrx_word' id='word_1_90' title='bbox 1468 921 1696 976; x_wconf 72' lang='lat' dir='ltr'>ingredienti</span> 
     </span>
     <span class='ocr_line' id='line_1_13' title="bbox 374 986 1693 1029; baseline -0.002 0"><span class='ocrx_word' id='word_1_91' title='bbox 374 988 558 1029; x_wconf 82' lang='lat' dir='ltr'>materiae</span> <span class='ocrx_word' id='word_1_92' title='bbox 589 988 779 1028; x_wconf 88' lang='lat' dir='ltr'>tribuitur.</span> <span class='ocrx_word' id='word_1_93' title='bbox 845 986 923 1029; x_wconf 89' lang='lat' dir='ltr'>Sed</span> <span class='ocrx_word' id='word_1_94' title='bbox 955 986 1049 1027; x_wconf 86' lang='lat' dir='ltr'>haec</span> <span class='ocrx_word' id='word_1_95' title='bbox 1080 987 1121 1026; x_wconf 91' lang='lat' dir='ltr'>in</span> <span class='ocrx_word' id='word_1_96' title='bbox 1145 987 1304 1028; x_wconf 86' lang='lat' dir='ltr'>diuersis.</span> <span class='ocrx_word' id='word_1_97' title='bbox 1339 986 1397 1027; x_wconf 88' lang='lat' dir='ltr'>At</span> <span class='ocrx_word' id='word_1_98' title='bbox 1423 999 1546 1027; x_wconf 85' lang='lat' dir='ltr'>vnum</span> <span class='ocrx_word' id='word_1_99' title='bbox 1568 987 1693 1027; x_wconf 86' lang='lat' dir='ltr'>idem-</span> 
     </span>
     <span class='ocr_line' id='line_1_14' title="bbox 375 1049 1694 1106; baseline -0.002 -14"><span class='ocrx_word' id='word_1_100' title='bbox 375 1065 448 1106; x_wconf 93' lang='lat' dir='ltr'>que</span> <span class='ocrx_word' id='word_1_101' title='bbox 488 1065 626 1106; x_wconf 88' lang='lat' dir='ltr'>corpus</span> <span class='ocrx_word' id='word_1_102' title='bbox 676 1051 876 1105; x_wconf 86' lang='lat' dir='ltr'>aliquando</span> <span class='ocrx_word' id='word_1_103' title='bbox 925 1049 1115 1090; x_wconf 85' lang='lat' dir='ltr'>crescente</span> <span class='ocrx_word' id='word_1_104' title='bbox 1163 1050 1290 1091; x_wconf 87' lang='lat' dir='ltr'>calore</span> <span class='ocrx_word' id='word_1_105' title='bbox 1348 1051 1388 1090; x_wconf 90' lang='lat' dir='ltr'>in</span> <span class='ocrx_word' id='word_1_106' title='bbox 1439 1051 1563 1090; x_wconf 86' lang='lat' dir='ltr'>minus</span> <span class='ocrx_word' id='word_1_107' title='bbox 1613 1050 1694 1104; x_wconf 85' lang='lat' dir='ltr'>spa-</span> 
     </span>
     <span class='ocr_line' id='line_1_15' title="bbox 373 1113 1695 1166; baseline -0.001 -11"><span class='ocrx_word' id='word_1_108' title='bbox 373 1116 472 1156; x_wconf 88' lang='lat' dir='ltr'>tium</span> <span class='ocrx_word' id='word_1_109' title='bbox 531 1114 772 1154; x_wconf 83' lang='lat' dir='ltr'>contrahitur</span> <span class='ocrx_word' id='word_1_110' title='bbox 804 1146 815 1166; x_wconf 86' lang='lat'>,</span> <span class='ocrx_word' id='word_1_111' title='bbox 873 1126 932 1166; x_wconf 87' lang='lat' dir='ltr'>eg.</span> <span class='ocrx_word' id='word_1_112' title='bbox 994 1126 1090 1166; x_wconf 85' lang='lat' dir='ltr'>aqua</span> <span class='ocrx_word' id='word_1_113' title='bbox 1155 1127 1208 1153; x_wconf 86' lang='lat' dir='ltr'>ex</span> <span class='ocrx_word' id='word_1_114' title='bbox 1283 1113 1402 1166; x_wconf 85' lang='lat' dir='ltr'>glacie</span> <span class='ocrx_word' id='word_1_115' title='bbox 1486 1122 1573 1155; x_wconf 84' lang='lat' dir='ltr'>nata</span> <span class='ocrx_word' id='word_1_116' title='bbox 1639 1113 1695 1154; x_wconf 89' lang='lat' dir='ltr'>est</span> 
     </span>
     <span class='ocr_line' id='line_1_16' title="bbox 373 1175 1695 1231; baseline 0 -14"><span class='ocrx_word' id='word_1_117' title='bbox 373 1176 553 1231; x_wconf 89' lang='lat' dir='ltr'>specifice</span> <span class='ocrx_word' id='word_1_118' title='bbox 603 1177 754 1230; x_wconf 85' lang='lat' dir='ltr'>grauior</span> <span class='ocrx_word' id='word_1_119' title='bbox 779 1176 841 1216; x_wconf 83' lang='lat' dir='ltr'>illa</span> <span class='ocrx_word' id='word_1_120' title='bbox 859 1207 870 1228; x_wconf 87' lang='lat'>,</span> <span class='ocrx_word' id='word_1_121' title='bbox 905 1183 951 1215; x_wconf 85' lang='lat' dir='ltr'>vt</span> <span class='ocrx_word' id='word_1_122' title='bbox 982 1175 1100 1214; x_wconf 90' lang='lat' dir='ltr'>etiam</span> <span class='ocrx_word' id='word_1_123' title='bbox 1118 1175 1165 1215; x_wconf 89' lang='lat' dir='ltr'>ad</span> <span class='ocrx_word' id='word_1_124' title='bbox 1182 1175 1368 1228; x_wconf 81' lang='lat' dir='ltr'>insignem</span> <span class='ocrx_word' id='word_1_125' title='bbox 1408 1176 1566 1228; x_wconf 84' lang='lat' dir='ltr'>gradum</span> <span class='ocrx_word' id='word_1_126' title='bbox 1598 1176 1695 1217; x_wconf 84' lang='lat' dir='ltr'>cale-</span> 
     </span>
     <span class='ocr_line' id='line_1_17' title="bbox 374 1236 1696 1292; baseline -0.001 -10"><span class='ocrx_word' id='word_1_127' title='bbox 374 1240 469 1282; x_wconf 71' lang='lat' dir='ltr'>ficta</span> <span class='ocrx_word' id='word_1_128' title='bbox 496 1240 658 1281; x_wconf 86' lang='lat' dir='ltr'>eandem</span> <span class='ocrx_word' id='word_1_129' title='bbox 674 1238 834 1280; x_wconf 88' lang='lat' dir='ltr'>fimdum</span> <span class='ocrx_word' id='word_1_130' title='bbox 851 1248 983 1292; x_wconf 91' lang='lat' dir='ltr'>petere</span> <span class='ocrx_word' id='word_1_131' title='bbox 1001 1237 1216 1292; x_wconf 85' lang='lat' dir='ltr'>prohibeat.</span> <span class='ocrx_word' id='word_1_132' title='bbox 1284 1236 1348 1279; x_wconf 91' lang='lat' dir='ltr'>Sic</span> <span class='ocrx_word' id='word_1_133' title='bbox 1364 1237 1505 1280; x_wconf 90' lang='lat' dir='ltr'>ferrum</span> <span class='ocrx_word' id='word_1_134' title='bbox 1523 1248 1564 1279; x_wconf 93' lang='lat' dir='ltr'>et</span> <span class='ocrx_word' id='word_1_135' title='bbox 1572 1239 1696 1292; x_wconf 85' lang='lat' dir='ltr'>plera·</span> 
     </span>
     <span class='ocr_line' id='line_1_18' title="bbox 376 1301 1697 1359; baseline 0 -14"><span class='ocrx_word' id='word_1_136' title='bbox 376 1318 452 1359; x_wconf 91' lang='lat' dir='ltr'>que</span> <span class='ocrx_word' id='word_1_137' title='bbox 487 1305 556 1346; x_wconf 90' lang='lat' dir='ltr'>alia</span> <span class='ocrx_word' id='word_1_138' title='bbox 586 1316 751 1358; x_wconf 88' lang='lat' dir='ltr'>corpora</span> <span class='ocrx_word' id='word_1_139' title='bbox 768 1337 780 1357; x_wconf 80' lang='lat'>‚</span> <span class='ocrx_word' id='word_1_140' title='bbox 816 1303 1000 1357; x_wconf 85' lang='lat' dir='ltr'>quamdiu</span> <span class='ocrx_word' id='word_1_141' title='bbox 1032 1302 1123 1342; x_wconf 88' lang='lat' dir='ltr'>dura</span> <span class='ocrx_word' id='word_1_142' title='bbox 1156 1301 1257 1354; x_wconf 82' lang='lat' dir='ltr'>sunt,</span> <span class='ocrx_word' id='word_1_143' title='bbox 1292 1302 1426 1342; x_wconf 85' lang='lat' dir='ltr'>iisdem</span> <span class='ocrx_word' id='word_1_144' title='bbox 1459 1303 1544 1356; x_wconf 85' lang='lat' dir='ltr'>ipsis</span> <span class='ocrx_word' id='word_1_145' title='bbox 1575 1302 1697 1357; x_wconf 91' lang='lat' dir='ltr'>lique-</span> 
     </span>
     <span class='ocr_line' id='line_1_19' title="bbox 376 1366 1698 1420; baseline 0 -11"><span class='ocrx_word' id='word_1_146' title='bbox 376 1367 482 1410; x_wconf 67' lang='lat' dir='ltr'>fastis</span> <span class='ocrx_word' id='word_1_147' title='bbox 515 1368 568 1409; x_wconf 94' lang='lat' dir='ltr'>ob</span> <span class='ocrx_word' id='word_1_148' title='bbox 600 1368 722 1409; x_wconf 82' lang='lat' dir='ltr'>maius</span> <span class='ocrx_word' id='word_1_149' title='bbox 754 1368 946 1408; x_wconf 85' lang='lat' dir='ltr'>volumen</span> <span class='ocrx_word' id='word_1_150' title='bbox 979 1366 1179 1418; x_wconf 77' lang='lat' dir='ltr'>innatant,</span> <span class='ocrx_word' id='word_1_151' title='bbox 1212 1366 1386 1420; x_wconf 84' lang='lat' dir='ltr'>quamuis</span> <span class='ocrx_word' id='word_1_152' title='bbox 1416 1378 1504 1407; x_wconf 91' lang='lat' dir='ltr'>eum</span> <span class='ocrx_word' id='word_1_153' title='bbox 1538 1367 1698 1419; x_wconf 89' lang='lat' dir='ltr'>gradum</span> 
     </span>
     <span class='ocr_line' id='line_1_20' title="bbox 377 1428 1698 1483; baseline -0.001 -10"><span class='ocrx_word' id='word_1_154' title='bbox 377 1433 514 1473; x_wconf 85' lang='lat' dir='ltr'>caloris</span> <span class='ocrx_word' id='word_1_155' title='bbox 547 1444 628 1473; x_wconf 93' lang='lat' dir='ltr'>non</span> <span class='ocrx_word' id='word_1_156' title='bbox 663 1431 755 1472; x_wconf 88' lang='lat' dir='ltr'>dum</span> <span class='ocrx_word' id='word_1_157' title='bbox 787 1431 949 1471; x_wconf 85' lang='lat' dir='ltr'>habeant</span> <span class='ocrx_word' id='word_1_158' title='bbox 967 1463 978 1482; x_wconf 87' lang='lat'>,</span> <span class='ocrx_word' id='word_1_159' title='bbox 1011 1443 1090 1483; x_wconf 92' lang='lat' dir='ltr'>quo</span> <span class='ocrx_word' id='word_1_160' title='bbox 1123 1430 1332 1483; x_wconf 62' lang='lat' dir='ltr'>liquescere,</span> <span class='ocrx_word' id='word_1_161' title='bbox 1348 1428 1484 1469; x_wconf 89' lang='lat' dir='ltr'>solent.</span> <span class='ocrx_word' id='word_1_162' title='bbox 1552 1430 1619 1471; x_wconf 88' lang='lat' dir='ltr'>Ex</span> <span class='ocrx_word' id='word_1_163' title='bbox 1638 1432 1698 1472; x_wconf 89' lang='lat' dir='ltr'>his</span> 
     </span>
     <span class='ocr_line' id='line_1_21' title="bbox 375 1493 1696 1546; baseline -0.002 -10"><span class='ocrx_word' id='word_1_164' title='bbox 375 1506 505 1536; x_wconf 86' lang='lat' dir='ltr'>autem</span> <span class='ocrx_word' id='word_1_165' title='bbox 539 1495 720 1535; x_wconf 86' lang='lat' dir='ltr'>omnibus</span> <span class='ocrx_word' id='word_1_166' title='bbox 753 1493 952 1535; x_wconf 86' lang='lat' dir='ltr'>clariffime</span> <span class='ocrx_word' id='word_1_167' title='bbox 985 1502 1164 1546; x_wconf 84' lang='lat' dir='ltr'>apparet,</span> <span class='ocrx_word' id='word_1_168' title='bbox 1201 1493 1434 1546; x_wconf 85' lang='lat' dir='ltr'>expansione</span> <span class='ocrx_word' id='word_1_169' title='bbox 1467 1494 1696 1534; x_wconf 86' lang='lat' dir='ltr'>incalescen-</span> 
     </span>
     <span class='ocr_line' id='line_1_22' title="bbox 374 1555 1697 1610; baseline -0.002 -10"><span class='ocrx_word' id='word_1_170' title='bbox 374 1560 473 1600; x_wconf 88' lang='lat' dir='ltr'>tium</span> <span class='ocrx_word' id='word_1_171' title='bbox 509 1558 852 1610; x_wconf 67' lang='lat' dir='ltr'>contraetioneque</span> <span class='ocrx_word' id='word_1_172' title='bbox 885 1568 1047 1607; x_wconf 80' lang='lat' dir='ltr'>eorum,</span> <span class='ocrx_word' id='word_1_173' title='bbox 1075 1568 1171 1609; x_wconf 86' lang='lat' dir='ltr'>quae</span> <span class='ocrx_word' id='word_1_174' title='bbox 1203 1555 1468 1608; x_wconf 89' lang='lat' dir='ltr'>refrigerantur</span> <span class='ocrx_word' id='word_1_175' title='bbox 1484 1589 1495 1608; x_wconf 84' lang='lat'>‚</span> <span class='ocrx_word' id='word_1_176' title='bbox 1530 1557 1697 1599; x_wconf 87' lang='lat' dir='ltr'>calorifi-</span> 
     </span>
     <span class='ocr_line' id='line_1_23' title="bbox 378 1619 1698 1675; baseline -0.006 -11"><span class='ocrx_word' id='word_1_177' title='bbox 378 1636 446 1665; x_wconf 86' lang='lat' dir='ltr'>cae</span> <span class='ocrx_word' id='word_1_178' title='bbox 478 1622 661 1663; x_wconf 86' lang='lat' dir='ltr'>materiae</span> <span class='ocrx_word' id='word_1_179' title='bbox 691 1622 836 1662; x_wconf 80' lang='lat' dir='ltr'>miram</span> <span class='ocrx_word' id='word_1_180' title='bbox 871 1619 975 1661; x_wconf 81' lang='lat' dir='ltr'>illam</span> <span class='ocrx_word' id='word_1_181' title='bbox 1008 1619 1359 1674; x_wconf 83' lang='lat' dir='ltr'>peregrinationem</span> <span class='ocrx_word' id='word_1_182' title='bbox 1396 1620 1561 1660; x_wconf 88' lang='lat' dir='ltr'>minime</span> <span class='ocrx_word' id='word_1_183' title='bbox 1603 1633 1698 1675; x_wconf 83' lang='lat' dir='ltr'>pro.</span> 
     </span>
     <span class='ocr_line' id='line_1_24' title="bbox 379 1675 1699 1730; baseline -0.005 0"><span class='ocrx_word' id='word_1_184' title='bbox 379 1687 472 1730; x_wconf 85' lang='lat' dir='ltr'>bari.</span> <span class='ocrx_word' id='word_1_185' title='bbox 1693 1675 1699 1678; x_wconf 65' lang='grc'><strong>’</strong></span> 
     </span>
     <span class='ocr_line' id='line_1_25' title="bbox 526 1747 1698 1805; baseline 0.001 -15"><span class='ocrx_word' id='word_1_186' title='bbox 526 1752 560 1800; x_wconf 72' lang='grc' dir='ltr'>ξ.</span> <span class='ocrx_word' id='word_1_187' title='bbox 586 1762 659 1799; x_wconf 83' lang='lat'>31.</span> <span class='ocrx_word' id='word_1_188' title='bbox 703 1747 779 1792; x_wconf 89' lang='lat' dir='ltr'>Sed</span> <span class='ocrx_word' id='word_1_189' title='bbox 817 1750 920 1791; x_wconf 89' lang='lat' dir='ltr'>hunc</span> <span class='ocrx_word' id='word_1_190' title='bbox 961 1748 1131 1804; x_wconf 84' lang='lat' dir='ltr'>pugilem</span> <span class='ocrx_word' id='word_1_191' title='bbox 1172 1750 1328 1805; x_wconf 85' lang='lat' dir='ltr'>propria</span> <span class='ocrx_word' id='word_1_192' title='bbox 1362 1749 1422 1791; x_wconf 91' lang='lat' dir='ltr'>sua</span> <span class='ocrx_word' id='word_1_193' title='bbox 1464 1749 1698 1797; x_wconf 79' lang='lat' dir='ltr'>extensionis</span> 
     </span>
     <span class='ocr_line' id='line_1_26' title="bbox 373 1813 1695 1867; baseline -0.002 -11"><span class='ocrx_word' id='word_1_194' title='bbox 373 1816 545 1857; x_wconf 81' lang='lat' dir='ltr'>vastitate</span> <span class='ocrx_word' id='word_1_195' title='bbox 578 1817 656 1856; x_wconf 90' lang='lat' dir='ltr'>iam</span> <span class='ocrx_word' id='word_1_196' title='bbox 690 1814 914 1856; x_wconf 59' lang='lat' dir='ltr'>labefactum</span> <span class='ocrx_word' id='word_1_197' title='bbox 948 1814 1043 1854; x_wconf 88' lang='lat' dir='ltr'>alius</span> <span class='ocrx_word' id='word_1_198' title='bbox 1091 1814 1189 1855; x_wconf 89' lang='lat' dir='ltr'>forte</span> <span class='ocrx_word' id='word_1_199' title='bbox 1222 1815 1288 1867; x_wconf 90' lang='lat' dir='ltr'>qui</span> <span class='ocrx_word' id='word_1_200' title='bbox 1320 1813 1483 1854; x_wconf 87' lang='lat' dir='ltr'>succedit</span> <span class='ocrx_word' id='word_1_201' title='bbox 1501 1848 1512 1866; x_wconf 82' lang='lat'>,</span> <span class='ocrx_word' id='word_1_202' title='bbox 1555 1815 1695 1867; x_wconf 83' lang='lat' dir='ltr'>eriget,</span> 
     </span>
     <span class='ocr_line' id='line_1_27' title="bbox 377 1876 1695 1932; baseline -0.002 -12"><span class='ocrx_word' id='word_1_203' title='bbox 377 1889 418 1920; x_wconf 91' lang='lat' dir='ltr'>et</span> <span class='ocrx_word' id='word_1_204' title='bbox 458 1880 606 1921; x_wconf 84' lang='lat' dir='ltr'>maiore</span> <span class='ocrx_word' id='word_1_205' title='bbox 648 1880 831 1932; x_wconf 84' lang='lat' dir='ltr'>grauitate</span> <span class='ocrx_word' id='word_1_206' title='bbox 870 1890 941 1918; x_wconf 86' lang='lat' dir='ltr'>nos</span> <span class='ocrx_word' id='word_1_207' title='bbox 965 1879 1185 1932; x_wconf 80' lang='lat' dir='ltr'>opprimet.</span> <span class='ocrx_word' id='word_1_208' title='bbox 1249 1876 1409 1931; x_wconf 88' lang='lat' dir='ltr'>Nempe</span> <span class='ocrx_word' id='word_1_209' title='bbox 1458 1890 1539 1918; x_wconf 93' lang='lat' dir='ltr'>non</span> <span class='ocrx_word' id='word_1_210' title='bbox 1581 1878 1695 1918; x_wconf 82' lang='lat' dir='ltr'>molis</span> 
     </span>
     <span class='ocr_line' id='line_1_28' title="bbox 375 1941 1696 1995; baseline -0.003 -10"><span class='ocrx_word' id='word_1_211' title='bbox 375 1945 499 1985; x_wconf 91' lang='lat' dir='ltr'>modo</span> <span class='ocrx_word' id='word_1_212' title='bbox 518 1976 529 1994; x_wconf 81' lang='lat'>,</span> <span class='ocrx_word' id='word_1_213' title='bbox 571 1942 634 1982; x_wconf 91' lang='lat' dir='ltr'>sed</span> <span class='ocrx_word' id='word_1_214' title='bbox 674 1943 790 1983; x_wconf 89' lang='lat' dir='ltr'>etiam</span> <span class='ocrx_word' id='word_1_215' title='bbox 835 1942 1014 1995; x_wconf 87' lang='lat' dir='ltr'>ponderis</span> <span class='ocrx_word' id='word_1_216' title='bbox 1054 1943 1298 1983; x_wconf 87' lang='lat' dir='ltr'>incremento</span> <span class='ocrx_word' id='word_1_217' title='bbox 1340 1942 1585 1994; x_wconf 77' lang='lat' dir='ltr'>vagabundus</span> <span class='ocrx_word' id='word_1_218' title='bbox 1630 1941 1696 1981; x_wconf 89' lang='lat' dir='ltr'>ille</span> 
     </span>
     <span class='ocr_line' id='line_1_29' title="bbox 376 2004 1696 2059; baseline -0.002 -13"><span class='ocrx_word' id='word_1_219' title='bbox 376 2008 474 2058; x_wconf 86' lang='lat' dir='ltr'>ignis</span> <span class='ocrx_word' id='word_1_220' title='bbox 509 2005 758 2059; x_wconf 85' lang='lat' dir='ltr'>praesentiam</span> <span class='ocrx_word' id='word_1_221' title='bbox 802 2005 905 2046; x_wconf 81' lang='lat' dir='ltr'>suam</span> <span class='ocrx_word' id='word_1_222' title='bbox 940 2006 979 2045; x_wconf 89' lang='lat' dir='ltr'>in</span> <span class='ocrx_word' id='word_1_223' title='bbox 1013 2006 1235 2058; x_wconf 89' lang='lat' dir='ltr'>corporibus</span> <span class='ocrx_word' id='word_1_224' title='bbox 1276 2005 1534 2045; x_wconf 81' lang='lat' dir='ltr'>demonstrare</span> <span class='ocrx_word' id='word_1_225' title='bbox 1565 2004 1696 2045; x_wconf 81' lang='lat' dir='ltr'>Philo-</span> 
     </span>
     <span class='ocr_line' id='line_1_30' title="bbox 375 2066 1698 2127; baseline 0.001 -18"><span class='ocrx_word' id='word_1_226' title='bbox 375 2068 504 2124; x_wconf 88' lang='lat' dir='ltr'>sophis</span> <span class='ocrx_word' id='word_1_227' title='bbox 538 2070 711 2123; x_wconf 83' lang='lat' dir='ltr'>videtur,</span> <span class='ocrx_word' id='word_1_228' title='bbox 727 2068 949 2127; x_wconf 85' lang='lat' dir='ltr'>praesertim</span> <span class='ocrx_word' id='word_1_229' title='bbox 973 2066 1185 2122; x_wconf 87' lang='lat' dir='ltr'>Chymicis.</span> <span class='ocrx_word' id='word_1_230' title='bbox 1252 2066 1532 2112; x_wconf 82' lang='lat' dir='ltr'>Celeberrimus</span> <span class='ocrx_word' id='word_1_231' title='bbox 1546 2069 1698 2113; x_wconf 86' lang='lat' dir='ltr'>Rober-</span> 
     </span>
     <span class='ocr_line' id='line_1_31' title="bbox 1641 2142 1701 2175; baseline 0 0"><span class='ocrx_word' id='word_1_232' title='bbox 1641 2142 1701 2175; x_wconf 67' lang='lat' dir='ltr'>tur</span> 
     </span>
    </p>
   </div>
  </div>
 </body>
</html>
