1820 2506
392 155 490 214 ΒΕ·
505 165 742 216 cAroms
775 168 851 214 ET
880 168 1143 214 choms
1198 220 1201 221 ⁷
1335 184 1419 225 ως

110 298 168 331 tus
197 286 327 341 Boyle
360 291 504 344 primus
523 323 534 342 ,
568 292 607 332 ni
622 289 733 332 fallor
749 324 760 344 ,
795 290 1071 345 experimentis
1109 290 1240 331 docuit
1282 302 1420 343 corpo<

107 365 150 396 ra
195 366 266 407 per
304 353 597 397 calcinationem
640 355 813 410 pondere
845 355 971 408 augeri
1005 349 1085 410 (³1³)
1126 354 1298 408 adeoque
1330 353 1426 406 ignis

107 426 146 458 et
194 417 377 459 flammae
417 427 544 472 partes
576 418 722 460 stabiles
769 427 811 459 et
850 417 1115 478 ponderabiles
1154 418 1261 459 reddi
1298 416 1421 472 poffe„

105 481 227 538 Quod
266 481 295 522 fi
335 482 384 522 de
414 483 504 536 igne
543 482 672 538 aliquo
712 482 935 524 elementari
973 481 1134 536 intelligi
1172 479 1299 537 posset
1316 515 1326 535 ‚
1361 481 1420 523 fir-

104 557 216 587 mum
248 544 403 586 haberet
443 545 669 588 infirmanda
707 545 772 588 hic
804 547 942 601 opinio
965 545 1309 601 propugnaculum.
1346 546 1421 587 Ve-

102 620 192 651 rum
226 619 354 650 tamen
393 609 574 664 pleraque
613 610 690 650 fere
728 610 861 651 omnia
893 611 1161 664 experimenta
1192 609 1290 651 illius
1307 643 1318 663 ‚
1352 611 1426 652 cirn

104 686 151 715 ca
180 682 428 728 augmentum
461 674 642 728 ponderis
659 686 730 728 per
746 674 879 728 ignem
911 673 1080 715 instituta
1098 708 1109 728 ,
1142 674 1220 716 huc
1252 675 1427 728 redeunt„

104 746 151 779 vt
187 737 252 779 vel
290 737 471 779 flammae
489 771 500 790 ,
543 751 615 793 qua
653 750 820 792 corpora
860 736 1039 779 vstulauit
1057 771 1068 791 ,
1101 746 1166 779 aut
1199 739 1290 780 aeris
1307 739 1323 791 ‚⁴
1353 739 1424 780 cal-

101 801 306 843 cinationis
338 809 518 855 tempore
553 801 662 857 super
694 814 834 856 corpus
866 802 1133 845 calcinandum
1150 801 1322 856 fluentis,
1340 815 1424 858 par-

103 875 159 907 tes
200 878 329 920 graues
369 864 449 906 effe
482 867 525 907 iis
557 866 853 908 demonstretur.
890 865 1052 907 Etenim
1079 866 1148 907 vbi
1175 866 1320 906 lamina
1342 879 1428 907 me-

102 929 230 971 tallica
263 930 420 971 flamma
453 929 639 985 sulphuris
670 929 814 971 accensi
844 929 1028 970 vstulatur
1044 962 1056 982 ,
1096 928 1312 970 intumescit
1342 930 1428 985 qui-

102 993 193 1035 dem
234 1003 274 1034 et
315 994 487 1048 pondere
527 1003 714 1048 augetur3
752 992 855 1034 >nihil
892 993 996 1034 aliud
1028 1001 1156 1035 tamen
1190 993 1291 1034 aucti
1325 1005 1426 1048 pon=

101 1057 203 1098 deris
235 1056 341 1099 causa
358 1057 424 1110 est,
444 1067 594 1112 praeter
612 1058 764 1099 acidum
787 1055 983 1111 sulphuris,
1002 1058 1108 1113 quod
1133 1070 1155 1098 a
1170 1056 1367 1112 phlogisto
1382 1057 1429 1100 li-

101 1121 223 1163 berari
246 1131 288 1163 et
305 1134 490 1176 campana
526 1122 657 1174 colligi
689 1130 730 1162 et
746 1122 834 1174 capi
852 1120 946 1162 solet
963 1153 974 1172 ‚
1008 1130 1092 1162 tum
1110 1133 1229 1175 poros
1262 1123 1370 1176 cupri
1388 1130 1429 1163 et

102 1186 248 1238 argenti
283 1194 456 1239 penetrat
474 1218 485 1238 ,
525 1183 667 1238 illisque
698 1193 926 1225 concretum
944 1216 955 1236 ,
990 1184 1141 1238 pondus
1171 1194 1294 1239 auget.
1360 1182 1428 1227 Sic

101 1249 171 1290 vbi
203 1248 408 1302 plumbum
450 1249 490 1289 in
523 1248 685 1289 minium
729 1247 940 1289 calcinatur
957 1281 968 1301 ,
1000 1247 1200 1290 flammam
1233 1257 1356 1291 atram
1388 1257 1428 1293 et

100 1310 260 1366 fuligine
302 1313 489 1366 turgidam
529 1313 570 1352 in
612 1311 855 1366 liquefietum
895 1311 1095 1354 metallum
1128 1312 1305 1354 consulto
1337 1314 1430 1356 diri-

101 1387 200 1430 gunt
232 1375 419 1417 artifices.-
454 1376 549 1417 haec
590 1377 696 1417 enim
731 1375 810 1416 sola
842 1375 990 1430 plumbi
1030 1376 1177 1418 calcem
1211 1376 1327 1419 rutilo
1357 1376 1431 1420 illo

101 1439 237 1482 colore
268 1449 382 1482 ornat
400 1475 411 1494 ‚
444 1450 486 1482 et
517 1440 669 1495 pondus
700 1441 781 1481 eius
814 1453 904 1481 cum
937 1441 1045 1482 lucro
1075 1440 1270 1483 artificum
1301 1450 1429 1496 auget.

103 1504 269 1558 Reliqua
301 1505 441 1545 laudati
464 1505 629 1546 auctoris
660 1506 926 1559 experimenta
957 1505 998 1545 in
1031 1503 1207 1547 mantissa
1243 1505 1430 1561 opusculo

102 1567 309 1610 subiuncta
327 1570 485 1610 maioris
516 1569 671 1624 quidem
704 1569 897 1610 momenti
931 1566 1007 1610 effe
1039 1569 1218 1611 videntur
1235 1603 1247 1622 ,
1292 1582 1431 1611 verum

106 1633 217 1673 omni
248 1631 457 1687 suspicione
489 1633 636 1688 prorsus
668 1633 785 1675 libera
816 1645 897 1674 non
912 1630 995 1674 sunt
1013 1666 1024 1686 ,
1064 1646 1154 1674 cum
1187 1632 1320 1675 auctor
1353 1633 1432 1688 ipse

106 1695 184 1737 illis
217 1697 365 1750 praesto
404 1709 486 1738 non
517 1695 703 1751 adfuerit,
747 1710 884 1739 verum
933 1699 1129 1752 operatori
1171 1698 1321 1738 cuidam
1350 1697 1431 1737 sae-

108 1761 194 1816 pius
241 1762 453 1814 peragenda
498 1762 690 1802 remiserit.
757 1762 816 1803 At
855 1762 935 1802 esto
953 1795 964 1814 ‚
1007 1762 1111 1816 quod
1153 1772 1304 1815 praeter
1345 1775 1429 1816 par-

107 1833 165 1865 tes
195 1825 368 1877 corporis
406 1825 550 1865 accensi
584 1825 650 1865 vel
689 1825 890 1879 particulas
932 1826 972 1867 in
1006 1838 1093 1866 aere
1124 1818 1430 1866 circumuolitan-

109 1895 169 1929 tes
186 1920 198 1940 ,
238 1889 301 1942 qui
341 1887 451 1941 super
492 1888 677 1928 calcinata
715 1890 901 1930 continuo
934 1889 1021 1929 fluit
1039 1921 1050 1940 ,
1084 1891 1237 1930 accedat
1270 1888 1435 1929 metallis

107 1952 362 1993 calcinatione
410 1951 566 1992 durante
613 1952 800 2005 quaedam
849 1952 919 1992 alia
959 1955 1117 1993 materia
1137 1986 1147 2005 ,
1188 1966 1283 2006 quae
1334 1965 1432 2005 pon-

104 2016 181 2058 dus
220 2015 383 2056 calcium
423 2025 545 2070 auget.
610 2016 808 2073 Quoniam
849 2027 977 2057 autem
1012 2017 1135 2057 calces
1174 2017 1219 2057 ab
1251 2018 1341 2069 igne
1374 2028 1431 2055 re-

179 2080 286 2120 Tom
305 2079 339 2120 1.
766 2080 796 2121 F
817 2079 842 2120 f
1341 2091 1431 2120 mo-

1363 2149 1426 2156 ἢ

116 2150 124 2204 s
154 2163 231 2207 (n)
252 2146 781 2206 mtrastaffluis
801 2149 979 2196 etrflhamssiuite⁴¹
