1820 2506
348 183 456 223 :3302
686 165 957 214 HISTORIA
991 165 1351 212 ANATOMICA

364 291 470 348 quod
502 290 542 330 in
574 288 717 329 Pseudo
736 285 1076 340 Hermophroditis
1106 285 1200 326 solet
1231 284 1364 326 haberi
1388 297 1464 341 pro
1490 296 1591 340 pene
1615 284 1676 325 vi-

365 358 457 408 1111,
500 351 578 393 effe
619 353 768 406 semper
811 352 1011 392 inuentum
1052 349 1274 391 clitoridem
1319 360 1469 403 praeter
1499 359 1678 390 naturam

369 421 593 472 elongatum
625 427 665 457 et
696 413 965 456 incraffatnm:
1009 415 1112 456 vnde
1151 413 1306 467 quidem
1348 413 1575 455 concludere
1616 412 1681 454 vi-

369 485 508 535 detur,
545 482 585 521 in
620 480 701 521 solo
737 480 828 520 (exn
860 479 1075 519 foemininn
1108 477 1297 518 fallaciam
1315 489 1498 531 apparere
1522 478 1680 518 Andro-

369 547 493 602 gyni2
529 544 731 586 declzwtrtii‘t
765 545 854 585 inde
884 543 937 583 fo
948 545 1094 584 minam
1128 542 1360 594 hcminem,
1400 543 1465 596 qui
1505 542 1584 582 iam
1624 540 1685 582 vi-

370 611 556 666 gefimum
593 618 767 663 quartum
802 620 943 649 aunum
976 621 1090 662 igens
1123 621 1180 661 pri
1172 618 1253 647 mo
1286 606 1427 646 intuitu
1466 606 1528 646 vir
1559 617 1684 659 appa·

370 676 509 727 rebat,
562 674 674 727 idque
716 674 844 725 vnice,
877 674 966 726 quia
1006 671 1221 713 membrum
1266 670 1494 724 prominens
1528 678 1609 711 erat
1643 668 1687 708 in

372 739 621 795 perffirhttum
679 739 779 780 Hoc
822 748 954 778 ttmen
993 746 1257 790 argumentum
1301 732 1565 785 solum,nis1
1597 731 1692 774 alia·

373 804 487 845 simul
514 803 647 844 adsint
697 802 971 856 phoenomena
988 833 999 852 ,
1019 800 1131 841 ⁴nihil
1163 798 1325 839 declarat
1342 830 1354 848 ,
1388 810 1480 838 cnm
1515 796 1689 851 prostant

360 869 580 909 ,innumera
612 866 796 920 exempla
827 865 1032 906 hominum
1052 897 1063 916 ,
1106 862 1239 917 quibus
1277 860 1435 901 vrethra
1476 873 1600 915 neque
1636 858 1690 900 ad

364 932 530 986 *apicem
571 929 717 984 glandis
754 930 864 982 penis
901 929 1086 981 pertingit
1113 959 1124 978 ,
1173 938 1244 965 nec
1284 924 1427 965 ibidem
1458 924 1690 979 perforatur,

376 997 455 1050 qui,
489 994 565 1036 alio
598 994 690 1034 loco
722 1003 898 1046 apertura
931 1002 1027 1043 orta,
1062 991 1211 1030 vtinam
1245 998 1285 1028 et
1304 988 1435 1031 semen
1475 989 1660 1030 emittunt
1676 1018 1689 1039 ‚

375 1059 464 1100 imo
503 1070 602 1098 vero
642 1056 829 1097 foeminas
868 1057 1135 1109 impraegnant
1152 1086 1164 1105 ,
1205 1052 1343 1093 liberos
1374 1061 1580 1106 procreant
1598 1084 1609 1104 ‚
1642 1051 1693 1092 de

376 1123 512 1176 quibus
541 1123 582 1160 in
604 1119 690 1160 vfine
721 1121 881 1171 dicam3
915 1119 1019 1158 vnde
1049 1118 1165 1157 nimis
1198 1128 1368 1168 praecox
1400 1117 1582 1157 iudicium
1615 1126 1695 1156 ma·

379 1186 448 1239 gni
479 1184 565 1224 Viri
599 1182 784 1224 existimo
801 1216 814 1234 ,
855 1191 895 1222 et
935 1193 1084 1222 marem
1132 1176 1240 1219 fuiffe
1283 1179 1408 1232 pueris
1446 1177 1610 1220 Sibiricis
1649 1177 1697 1218 si-

378 1248 588 1291 millimum
618 1257 657 1288 et
689 1246 821 1288 nostro
855 1247 960 1287 arieti
993 1246 1083 1286 inde
1125 1242 1319 1298 suspicor,
1359 1244 1463 1298 quod
1506 1243 1555 1284 ad
1593 1241 1697 1296 aspe-

382 1314 491 1355 ‹stum
523 1312 774 1353 formofitrum
785 1311 1061 1352 Foeminarum
1092 1321 1175 1349 non
1207 1306 1393 1349 Virorum
1423 1307 1489 1350 fibi
1506 1307 1600 1360 erigi
1618 1306 1699 1346 hoc

382 1377 604 1420 membrum
638 1373 748 1417 faffus
779 1376 835 1417 est
853 1408 864 1428 ,
898 1385 939 1415 et
971 1374 1049 1429 iple
1065 1373 1164 1414 bene
1181 1372 1340 1414 meritus
1357 1370 1572 1425 Ruyschius
1595 1369 1700 1411 affir-

374 1453 471 1484 vmat
487 1475 499 1493 ‚
542 1443 641 1483 duos
681 1440 794 1481 testes
811 1473 822 1492 ,
864 1440 927 1481 seu
966 1436 1180 1479 turbercula
1198 1469 1210 1489 ‚
1251 1436 1292 1475 in
1333 1446 1502 1490 Vtroque
1542 1436 1700 1489 inguine

384 1519 523 1557 vnum,
558 1516 733 1559 repertos
763 1502 870 1545 fuisse
888 1537 901 1556 ,
934 1503 1045 1556 quale
1084 1511 1125 1541 et
1165 1500 1466 1554 phaenomenon
1500 1500 1541 1540 in
1574 1498 1701 1552 pueris

385 1568 554 1612 Sibiricis
586 1580 625 1610 et
656 1570 697 1608 in
740 1579 816 1608 oue
857 1567 987 1607 nostro
1028 1565 1214 1618 apparuit.
1277 1561 1482 1605 Concludo
1513 1563 1666 1603 tandem
1688 1592 1700 1613 ,

386 1635 428 1675 in
461 1635 554 1674 sexu
586 1631 795 1674 masculino
812 1664 825 1683 ,
858 1630 887 1671 fi
918 1643 999 1670 non
1037 1628 1338 1681 frequentiorem
1358 1661 1369 1680 ,
1404 1640 1518 1680 quam
1553 1627 1592 1665 in
1618 1625 1699 1665 foe-

387 1699 516 1750 minis⁷
548 1697 682 1738 saltem
714 1695 976 1750 multiplicem
1010 1693 1108 1734 adeo
1137 1704 1182 1732 ac
1217 1692 1348 1732 inillis
1380 1691 1568 1730 obseruari
1594 1701 1699 1729 erro-

389 1775 476 1803 rem
509 1763 549 1802 in
581 1760 803 1816 genitalibus
821 1792 832 1811 ,
867 1768 912 1799 vt
943 1758 1105 1798 alterum
1137 1755 1272 1796 sexum
1292 1757 1487 1807 imponat:
1523 1754 1583 1793 vti
1601 1754 1702 1794 hanc

391 1825 613 1867 sententiam
646 1833 848 1879 exponunt
876 1824 952 1863 iam
972 1829 1141 1862 enarrata
1159 1852 1170 1870 ,
1204 1820 1257 1858 ita
1275 1818 1441 1859 affirmat
1458 1818 1622 1858 eandem
1641 1829 1702 1858 ca-

392 1891 450 1931 sus
488 1889 688 1944 Petropoli
736 1888 862 1939 visus,
912 1886 1122 1927 contrarius
1163 1882 1248 1935 illi,
1293 1884 1342 1923 de
1388 1894 1467 1935 quo
1508 1889 1704 1923 memorat

186 1986 201 2008 1
224 1975 270 2006 ne
293 1956 595 2009 mu1.Regnerus
626 1954 672 1994 de
706 1950 833 1994 Gra-af
855 1950 894 2007 (1
904 1950 938 2007 ):
970 1950 1032 1991 hic
1065 1947 1203 1988 scilicet
1236 1958 1358 2000 puero
1392 1945 1522 1987 datum
1542 1946 1616 1998 est,
1650 1945 1704 1987 ob

182 2027 239 2059 αθ
255 2027 284 2057 Ρ·
310 2024 380 2056 ²99·
396 2019 576 2074 genitalia
605 2018 816 2071 informia,
848 2016 1043 2072 baptismo
1075 2023 1221 2053 nomen
1253 2008 1520 2052 foemininum

1591 2123 1709 2179 Anna
