1820 2506
358 178 445 216 226
822 164 1260 213 ΜΕΙἊΤΑΊἹΟΝΕΒΙ
1303 166 1305 168 ’

353 301 488 335 motae
528 290 749 344 acquisitum
789 289 938 344 pondus
976 296 1090 327 etiam
1132 286 1369 338 frigidissimo
1417 285 1504 340 gelu
1543 288 1666 328 conti-

356 370 435 398 nuo
468 355 641 407 seruant,
677 354 827 394 nullum
859 363 989 392 tamen
1025 346 1220 390 excessum
1252 349 1388 389 caloris
1419 351 1460 390 in
1478 351 1513 391 se
1531 350 1667 391 ostere

354 422 482 473 dunt3
526 419 671 458 accedit
710 419 825 471 igitur
875 415 1137 455 calcinationis
1178 413 1264 454 actu
1295 413 1454 453 materia
1486 415 1671 468 quaedam

356 482 583 537 corporibus
601 515 612 535 ,
646 493 782 524 verum
799 492 879 520 non
897 478 972 529 illa,
994 491 1089 532 quae
1108 478 1186 531 igni
1213 477 1366 531 propria
1386 474 1461 516 effe
1478 478 1670 530 praedica-

355 557 430 588 tur.
499 544 578 586 Cur
610 546 715 585 enim
745 557 791 586 ea
823 545 864 583 in
897 541 1058 582 calcibus
1091 552 1247 582 naturae
1280 540 1363 581 suae
1382 539 1675 593 obtiuisceretur,

356 624 436 652 nori
489 611 619 651 video.
682 608 823 649 *Porro
871 605 995 647 calces
1035 605 1285 647 metallorum
1325 606 1367 646 in
1398 602 1566 646 formam
1598 618 1679 646 me-

355 674 523 716 tallicam
572 672 747 713 reduetae
795 672 947 726 pondus
995 670 1217 724 acquisitum
1264 682 1286 710 a
1329 669 1502 710 mittunt.
1571 665 1675 710 Cum

358 752 455 779 vero
486 737 663 779 seductio
703 748 821 791 aeque
869 748 912 776 ac
950 735 1152 775 calcinatio
1198 734 1335 774 eodem
1384 732 1469 772 imo
1516 730 1676 774 fortiore

358 804 447 856 igne
481 800 700 856 perficiatur
719 833 732 853 ‚
770 799 876 841 nulla
916 798 1093 853 profecto
1132 798 1233 838 ratio
1273 797 1381 838 reddi
1414 796 1539 850 potest
1557 829 1569 849 ,
1611 808 1681 838 cur

358 866 465 906 idem
521 866 619 918 ignis
683 864 807 907 modo
874 862 1099 917 corporibus
1160 860 1280 902 semet
1341 860 1503 901 insinuet
1527 893 1539 913 ,
1590 872 1681 901 mo-

357 930 413 970 do
443 941 497 969 ex
529 928 660 968 iisdem
701 928 933 968 excutiatur.
1007 924 1193 966 Ceterum
1235 937 1315 965 non
1347 924 1527 965 absimilia
1560 937 1680 978 expe-

356 993 526 1034 rimenta
582 991 824 1032 instituerunt
882 991 956 1031 viri
1013 989 1179 1031 celebres
1229 986 1487 1029 Boerliaauius
1529 985 1612 1043 (*)
1643 997 1681 1029 et

357 1057 410 1097 du
434 1053 530 1096 Clos
563 1051 671 1110 (ἢ)
706 1067 804 1109 quae
837 1054 1074 1095 contrarium
1107 1054 1205 1095 tueri
1237 1052 1428 1093 videntur.
1496 1051 1606 1092 Prior
1639 1063 1679 1092 e·

357 1121 443 1161 nim
474 1118 564 1158 ferti
597 1119 709 1163 libras
742 1118 911 1170 quinque
951 1126 991 1156 et
1022 1117 1156 1156 vncias
1187 1116 1284 1156 osto
1302 1148 1314 1167 ,
1354 1125 1400 1155 vt
1431 1124 1519 1157 ante
1552 1115 1684 1168 igniti-

359 1194 481 1223 onem
524 1181 575 1222 ita
614 1191 771 1235 quoque
809 1180 978 1232 ignitum
1018 1187 1059 1219 et
1099 1178 1317 1218 extinctum
1352 1177 1593 1230 ponderauit,
1625 1177 1689 1220 sed

359 1245 507 1288 nullum
548 1244 732 1298 ponderis
777 1244 1062 1284 incrementum
1102 1242 1443 1282 decrementumue
1471 1240 1697 1295 deprehen,-

360 1310 430 1351 dit.
464 1309 653 1359 Posterior
670 1307 848 1364 ponderis
866 1315 1127 1361 augmentum,
1143 1305 1248 1359 quod
1263 1304 1508 1346 mineralibus
1525 1318 1596 1358 per
1612 1305 1691 1346 cal-

361 1374 600 1417 cinationem
646 1372 815 1424 accedit,
865 1371 1017 1412 deducit
1058 1383 1080 1411 a
1117 1369 1286 1423 partibus
1327 1367 1538 1422 sulphureis
1556 1401 1568 1421 ,
1610 1370 1691 1411 aeri

362 1435 441 1494 (vt
475 1438 584 1492 supra
622 1437 794 1484 diximus
809 1433 1124 1491 )‚„innatantibus
1150 1465 1162 1486 ,
1213 1434 1276 1487 qui
1325 1431 1434 1486 super
1488 1432 1689 1475 mineralia

362 1502 412 1543 ad
444 1498 924 1555 calcinandum.,expofita
971 1498 1160 1539 continuo
1218 1496 1306 1537 fluit
1322 1528 1333 1548 ,
1388 1505 1429 1536 et
1468 1496 1549 1537 illas
1597 1498 1687 1550 igne

362 1566 418 1607 ita
456 1564 630 1607 resolutis
665 1563 857 1617 insinuat3
897 1562 938 1603 id
968 1570 1098 1602 autem
1132 1561 1406 1613 experimento
1439 1560 1686 1602 demonstrat:

363 1629 549 1670 nimirum
596 1628 704 1683 quod
752 1639 807 1667 ex
864 1625 1001 1680 regulo
1057 1624 1266 1665 antimonii
1323 1624 1365 1663 in
1425 1635 1511 1664 aere
1565 1623 1691 1666 libero

296 1726 304 1737 ,
363 1692 554 1734 calcinato
594 1705 674 1747 ope
706 1691 855 1745 spiritus
892 1690 977 1732 vini
1008 1688 1216 1729 tinCturam
1252 1687 1405 1728 rubram
1436 1686 1591 1728 extrahi
1617 1688 1690 1729 ob-

364 1755 523 1797 seruauit
542 1788 553 1809 ‚
595 1769 669 1809 qua
710 1755 874 1808 separata
891 1787 904 1807 ‚
943 1749 1107 1795 maffam
1146 1751 1311 1804 relinqui
1351 1751 1429 1789 eius
1477 1751 1659 1804 ponderis
1675 1785 1689 1805 ,

365 1820 472 1875 quod
513 1818 664 1873 regulus
703 1817 868 1860 habebat
910 1827 999 1859 ante
1047 1815 1355 1857 calcinationem.
1395 1811 1446 1868 2)
1489 1815 1684 1868 Regulum

366 1884 573 1925 antimonii
607 1881 737 1935 aliter,
767 1894 912 1936 nempe
943 1881 1021 1923 fine
1052 1888 1261 1932 augmento
1294 1877 1486 1931 ponderis,
1519 1879 1684 1920 calcina-

367 1956 453 1988 tum
494 1948 681 1988 eiusmodi
720 1946 928 1987 tincturam
973 1957 1054 1985 non
1094 1943 1344 1998 suppeditare.
1412 1942 1542 1984 Firma
1574 1943 1689 1998 igitur

368 2023 452 2052 non
484 2012 568 2053 sunt
600 2012 719 2052 etiam
751 2010 817 2059 illa
847 2018 1066 2065 argumenta
1084 2041 1095 2061 ,
1128 2019 1224 2061 quae
1255 2006 1302 2047 ad
1333 2006 1574 2061 peculiarem
1607 2007 1689 2061 igni

1563 2080 1687 2113 mate·

398 2130 1685 2185 W

414 2186 505 2229 (*⁸)
529 2187 680 2221 Memoues
700 2188 735 2220 de
759 2187 873 2221 l’Acad.
899 2188 983 2229 Royi„
1006 2190 1054 2220 des
1074 2187 1196 2221 Sciences
1213 2187 1300 2220 annee
1327 2187 1422 2228 1667.
