1820 2506
363 183 388 213 2
398 181 418 222 5
428 183 453 210 2
807 165 1191 214 DISSERTATIO

364 287 539 344 corporis
579 283 864 328 disseminatum
906 294 1084 338 tempore
1125 283 1320 325 solutionis
1352 287 1551 339 expandi,
1585 298 1680 326 con-

360 358 556 408 sequenter
589 351 672 391 vim
705 352 784 390 eius
818 349 1005 389 elasticam
1045 348 1131 387 ac'tu
1157 347 1310 401 exseri·⁷
1345 350 1447 401 quod
1478 349 1617 403 triplici
1633 350 1682 389 de
1718 383 1720 386 .

363 418 468 459 causa
483 414 672 469 proficisci
705 414 828 466 solet·⁷
855 411 916 468 1.)
951 411 1104 466 quando
1138 411 1275 464 preffio
1308 412 1397 450 aeris
1414 415 1564 452 externi
1581 414 1682 453 tolli-

364 492 455 533 tur·‚
494 478 565 534 2.)
591 479 695 520 fiaes
728 477 803 531 ipse
837 478 1026 517 maiorem
1057 476 1215 528 gradum
1249 476 1384 516 caloris
1415 475 1453 514 in
1470 476 1505 515 se
1523 478 1682 530 recipit·,

367 544 435 601 3.)
480 544 642 597 denique
675 543 825 595 quando
863 543 988 582 maior
1020 540 1207 593 quantitas
1244 539 1339 580 aeris
1379 539 1419 580 in
1449 539 1550 584 idem
1582 553 1684 582 rece—

365 608 562 664 ptaculum
596 606 813 646 intruditur.

505 673 538 720 ξ.
566 678 634 712 18.
687 668 789 710 Cum
830 679 955 710 autem
1006 669 1211 709 solutiones
1247 666 1494 708 metallorum
1513 700 1523 719 ‚
1563 669 1681 708 comi-

373 746 481 778 tante
517 733 798 775 efferuescentia
829 734 1023 786 menstrui,
1057 733 1121 773 sub
1158 732 1262 785 graui
1297 730 1558 784 atmosphaera
1592 731 1682 772 sem-

367 814 438 856 per
468 799 696 852 succedant3
732 811 752 838 a
769 799 873 838 causa
907 799 1022 851 igitur
1053 799 1182 851 priore
1214 805 1465 836 memoratam
1497 796 1590 835 aeris
1615 808 1687 835 ex-

367 864 592 919 panfionem
623 862 725 902 haud
750 860 936 915 proficisci
964 860 1281 901 euidentissimum
1307 858 1372 898 est.
1409 858 1529 898 Porro
1543 858 1688 912 spiritus

366 928 490 969 acidus
517 925 670 967 metalla
686 925 830 965 soluens
845 926 946 978 prius
979 924 1132 975 ebullit,
1165 936 1278 977 quam
1313 921 1505 962 incalescit
1522 954 1534 973 ,
1569 932 1607 962 et
1624 936 1689 963 ca-

367 991 427 1033 lor
444 992 509 1045 qui
524 989 788 1030 ebullitionem
804 988 987 1043 sequitur,
1014 988 1163 1040 semper
1179 986 1306 1027 multo
1330 986 1462 1026 minor
1479 985 1551 1037 est,
1571 999 1686 1040 quam

370 1057 435 1110 qui
466 1055 554 1096 alias
584 1055 624 1093 in
643 1053 828 1106 spiritibus
844 1052 957 1093 acidis
982 1053 1060 1105 igni
1078 1051 1262 1104 expositis
1279 1050 1599 1090 efferuescentiam
1617 1062 1691 1090 ex-

371 1120 460 1161 citat
477 1151 488 1170 ,
523 1116 706 1170 expansio
740 1116 852 1168 igitur
885 1116 979 1155 aeris
996 1147 1008 1166 ,
1043 1126 1137 1168 quae
1170 1115 1210 1153 in
1243 1113 1429 1166 spiritibus
1462 1114 1572 1154 acidis
1604 1126 1689 1154 me·

370 1181 462 1222 talla
512 1178 741 1220 soluentibus
789 1176 1053 1218 ebullitionem
1104 1184 1258 1229 generat
1275 1207 1286 1226 ‚
1330 1176 1377 1215 ab
1411 1176 1526 1215 auno
1569 1176 1695 1217 calore

372 1246 534 1287 minime
564 1242 755 1297 dependet
773 1274 784 1294 ‚
825 1251 937 1295 atque
970 1241 1067 1281 adeo
1100 1240 1197 1279 ratio
1230 1237 1418 1279 sufficiens
1462 1238 1694 1280 ebullitionis

373 1322 491 1363 aquae
533 1308 639 1348 fortis
678 1307 898 1346 continetur
939 1308 978 1345 in
1023 1304 1301 1357 constipatione
1334 1304 1428 1343 aeris
1463 1301 1693 1344 disseminati

373 1386 444 1429 per
477 1384 597 1427 poros
648 1370 761 1427 ipsius
811 1383 930 1424 aquae
978 1368 1086 1409 fortis
1104 1401 1144 1421 ,γ
1176 1366 1239 1407 vel
1297 1366 1455 1407 metalli.

525 1438 558 1486 ξ.
586 1449 656 1486 19.
701 1435 905 1488 Indigitata
945 1435 1038 1474 aeris
1071 1431 1312 1473 condensatio
1331 1431 1394 1470 vel
1413 1432 1452 1470 in
1481 1431 1586 1484 poris
1619 1430 1694 1485 spi-

374 1502 466 1542 ritus
497 1500 676 1541 soluentis
711 1499 775 1538 vel
809 1498 921 1550 ipsius
953 1497 1099 1537 metalli
1130 1495 1196 1535 fiat
1229 1493 1378 1534 necesse
1409 1495 1475 1534 est.
1544 1495 1693 1536 Verum

375 1566 559 1619 quoniam
599 1562 809 1616 particulae
847 1562 990 1614 spiritus
1032 1569 1208 1613 tanquam
1242 1559 1415 1610 corporis
1446 1558 1553 1598 fluidi
1586 1558 1695 1598 leuis-

375 1629 469 1672 sxme
502 1627 710 1668 cohaerent
730 1658 739 1676 ‚
775 1625 878 1665 vnde
909 1625 986 1664 aeri
1017 1624 1055 1663 in
1075 1624 1178 1676 poris
1208 1621 1275 1661 suis
1309 1621 1378 1660 sese
1396 1621 1639 1661 condenfimti
1658 1632 1696 1664 et

377 1692 430 1733 ob
470 1693 663 1732 maiorem
705 1689 885 1729 elaterem
928 1687 1162 1741 expandenti
1194 1685 1359 1725 resistere
1391 1698 1472 1724 non
1507 1684 1664 1738 possunt
1683 1719 1694 1739 ‚

377 1757 548 1810 adeoque
590 1753 646 1794 illi
688 1751 872 1793 crescenti
910 1753 1045 1792 cedere
1087 1750 1228 1791 debent
1245 1782 1256 1801 ,
1298 1757 1343 1787 vt
1377 1761 1440 1787 aer
1471 1748 1620 1801 placide
1654 1752 1695 1791 in

378 1820 540 1861 bullulas
581 1817 767 1871 expansus
816 1817 967 1857 leuitate
1001 1815 1061 1855 sua
1093 1815 1139 1854 ad
1172 1813 1331 1866 liquoris
1364 1811 1599 1864 superficiem
1619 1814 1697 1854 sine

378 1884 456 1925 vlla
495 1882 702 1936 agitatione
745 1879 926 1921 ascendat.
991 1879 1139 1920 Verum
1181 1876 1344 1917 bullulae
1376 1888 1505 1915 aereae
1539 1878 1696 1918 durante

378 1948 570 1989 solutione
613 1945 802 1998 expansae
844 1958 866 1984 a
906 1943 1101 1998 superficie
1143 1940 1290 1983 metalli
1332 1940 1696 1992 perpendiculariter

378 2026 467 2052 cum
499 2013 647 2063 impetu
682 2009 878 2049 vibrantur
911 2010 949 2048 in
983 2007 1154 2061 quolibet
1186 2006 1264 2043 eius
1296 2003 1364 2042 situ
1400 2004 1456 2051 (ξ.
1485 2003 1577 2059 14.)
1612 2005 1696 2045 fieri

374 2075 488 2129 igitur
521 2075 651 2126 nequit
673 2106 683 2124 ‚
721 2082 763 2111 vt
797 2085 858 2111 aer
891 2072 957 2111 ille
991 2072 1029 2111 in
1064 2070 1166 2123 poris
1207 2067 1352 2120 spiritus
1388 2066 1567 2108 soluentis
1598 2081 1694 2108 con-

1569 2132 1695 2172 denseu
