1820 2506
704 154 737 216 )(
768 161 823 211 63
863 156 894 216 )(

147 269 395 308 ABRKAAV
404 267 708 307 BOERHAAVE
726 265 1122 306 OBSERVATIONES
1135 266 1461 307 ANATOMICAE

151 355 400 472 Θιιὶηεμιε
442 365 513 406 hac
547 362 803 406 differtatione
832 376 921 405 cum
953 364 1163 406 lectoribus
1203 366 1466 406 communicat

294 430 566 470 obseruationes
597 427 669 470 Cel
702 427 959 470 Boerhaauius
979 461 991 481 ,
1025 429 1073 469 de
1122 429 1253 484 quibus
1303 442 1466 483 praegu-

149 494 246 534 stum
281 494 446 548 aliquem
479 495 568 534 dare
602 492 841 548 propositum
884 494 996 534 nobis
1044 493 1108 534 est.

264 558 461 611 Principio
494 567 631 598 monet
663 554 746 596 Cel.
781 557 913 597 auctor
952 557 1035 597 fieri
1076 557 1197 597 forsan
1239 556 1348 611 posse
1367 592 1377 609 ‚
1420 566 1466 599 vt

148 622 212 676 qui
253 621 316 662 hic
357 618 603 674 exponantur
639 620 766 671 casus,
811 622 886 660 iam
920 622 1008 662 alibi
1060 622 1106 661 ab
1146 621 1357 662 auctoribus
1398 635 1467 662 :m-

149 686 271 726 notati
305 685 567 737 inueniuntur,
601 684 678 724 hoc
716 684 839 737 ipsum
873 695 1000 726 autem
1043 685 1115 725 vix
1155 686 1289 726 euitari
1330 686 1465 740 poffe‚

150 749 333 803 quoniam
365 750 463 789 inter
496 758 556 788 tot
589 745 831 789 diffeffiones
864 759 927 788 aut
961 749 1197 789 lustrationes
1229 750 1464 802 cadauerum,

149 825 246 867 quae
289 813 358 867 ipsi
400 812 611 853 offeruntur
629 845 640 865 ,
682 812 762 865 plus
802 813 970 853 intentus
1004 811 1081 853 effe
1114 813 1248 853 debeat
1280 814 1321 853 in
1355 814 1464 854 vsum

150 886 347 917 anatomes
368 911 378 930 ‚
422 886 486 917 aut
525 878 673 917 causam
713 876 855 916 mortis
892 877 1224 930 inuestigandum,
1269 890 1381 930 quam
1424 879 1465 918 in

149 939 361 981 lectionem
401 942 596 981 variorum
638 941 824 980 librorum
855 953 865 994 3
907 953 1001 996 quae
1041 950 1174 981 autem
1215 940 1365 981 insolita
1397 941 1467 995 ipfi

150 1014 354 1045 occurrunt
373 1038 384 1058 ,
417 1004 453 1046 se
487 1004 649 1045 fideliter
681 1005 721 1045 in
754 1004 956 1045 aduersari-„1
989 1006 1029 1044 in
1062 1004 1207 1044 futuros
1241 1004 1326 1045 vsus
1352 1004 1466 1045 refer-

150 1081 192 1108 re
224 1068 342 1110 solere
361 1101 372 1121 ‚
405 1068 496 1110 hinc
528 1069 555 1110 fi
588 1069 735 1109 accidat
754 1101 765 1120 ,
799 1078 844 1108 vt
876 1069 976 1109 casus
1013 1069 1118 1121 talis,
1160 1080 1212 1108 ex
1255 1068 1467 1109 aduerfiiriis

151 1132 323 1185 prolatus
341 1167 351 1185 ,
386 1133 432 1173 ab
464 1133 543 1174 aliis
575 1142 777 1173 annotatus
809 1132 1022 1173 inueniatur
1040 1166 1050 1185 ‚
1086 1132 1252 1173 veritatis
1282 1132 1466 1187 simplici-

152 1205 273 1236 tatem
306 1209 354 1236 eo
388 1197 600 1237 firmiorem
635 1197 825 1237 euasurum
867 1197 1003 1250 sperat.

270 1258 384 1300 Circa
418 1261 615 1300 cerebrum
650 1261 934 1300 inflammatum
964 1262 1004 1300 in
1038 1260 1162 1312 prima
1189 1260 1467 1313 obseruatione,

153 1324 194 1364 in
227 1323 342 1364 latere
374 1324 516 1364 dextro
549 1324 664 1364 durae
696 1324 826 1363 matris
866 1323 1000 1363 itidem
1032 1323 1159 1363 valide
1192 1323 1468 1377 inflammatae,

151 1396 304 1441 partem
337 1399 545 1428 concauam
581 1396 704 1426 totam
732 1386 962 1426 succinctam
990 1383 1097 1426 fuiffe
1129 1387 1354 1426 membrana
1387 1388 1465 1427 ani-

154 1452 363 1491 maduertit
382 1484 392 1503 ,
428 1463 591 1504 eamque
607 1449 684 1490 fuse
716 1450 889 1490 describit
907 1483 918 1501 ,
952 1451 992 1489 in
1026 1450 1156 1490 medio
1190 1460 1320 1490 tamen
1352 1451 1470 1491 relin-

154 1524 234 1569 quit
253 1550 263 1568 ‚
305 1528 352 1555 an
396 1527 480 1568 pars
527 1514 571 1555 sit
610 1514 809 1567 peculiaris
850 1514 891 1553 in
932 1512 1011 1553 hoc
1062 1513 1225 1554 homine
1275 1525 1438 1556 connata
1457 1548 1468 1568 ,

154 1592 201 1618 an
235 1592 257 1620 a
287 1579 430 1620 summa
463 1578 770 1618 inflammatione
803 1587 885 1618 orta
905 1609 915 1629 ‚
956 1586 1020 1617 aut
1061 1578 1240 1618 humores
1280 1579 1470 1620 cmffiores

154 1641 265 1684 serOfi
299 1656 320 1683 a
352 1642 498 1683 vasibus
531 1643 695 1682 nimium
731 1641 907 1693 dilatatis,
943 1641 1058 1682 borea
1090 1650 1129 1683 et
1159 1641 1301 1696 frigore
1342 1644 1470 1697 super-

157 1707 337 1747 veniente
357 1739 368 1759 ,
402 1710 569 1748 concreti
602 1706 698 1746 hanc
732 1705 991 1746 formauerint.

272 1771 383 1827 Quae
417 1772 515 1811 circa
549 1771 720 1810 cranium
755 1770 887 1810 militis
921 1769 1090 1810 claffiarii
1121 1770 1315 1810 obseruata
1357 1769 1469 1823 sunt,

158 1834 224 1874 vbi
263 1835 412 1875 scutum
453 1832 600 1874 offeum
645 1847 734 1874 cum
777 1834 866 1874 dura
904 1844 1026 1874 matre
1058 1844 1281 1874 concretum
1322 1834 1471 1874 inuenit

160 1898 313 1951 prolixe
345 1899 503 1938 secunda
536 1900 700 1951 exponit
733 1898 944 1938 obseruatio
963 1931 975 1949 ,
1009 1911 1103 1951 quae
1140 1911 1216 1937 non
1239 1899 1363 1938 solum
1402 1898 1473 1938 ha-

160 1975 245 2002 rum
279 1963 427 2002 caufiim
465 1963 614 2002 adducit
634 1994 645 2013 ,
680 1961 740 2001 sed
775 1971 815 2001 et
848 1961 935 2001 alias
969 1971 1103 2002 notatu
1138 1962 1267 2015 dignas
1302 1961 1372 2002 hac
1405 1974 1472 2001 oc-

162 2025 309 2066 casione
345 2026 459 2067 offert
480 2059 490 2078 ,
522 2026 788 2067 annotationes
820 2034 859 2066 et
900 2026 1180 2067 meditationes„

1373 2089 1472 2129 Ter·
