1820 2506
321 206 404 247 DE
436 197 852 249 ABERRATIONE
888 199 1181 246 FIXARVM
1338 212 1428 253 4⁵7

218 323 339 364 Porro
382 331 630 377 comparetur
668 322 774 363 locus
815 320 898 362 solis
939 334 1032 362 cum
1066 318 1159 360 loco
1197 316 1331 359 stellae
1349 350 1361 370 ,
1395 327 1434 358 et

113 397 267 430 notetur
285 421 296 440 ‚
329 387 407 427 sole
447 397 484 427 et
516 386 618 427 stella
650 387 836 428 existente
855 418 865 438 ‚
912 386 951 426 in
984 384 1261 426 coniundtione
1280 415 1292 436 ,
1326 382 1431 423 aber-

114 453 304 494 rationem
338 449 413 492 effe
447 451 604 491 nullam.

234 516 281 556 In
323 515 557 570 quadraturis
598 524 726 555 autem
766 514 792 553 s.
827 513 943 553 tribus
975 513 1086 567 signis
1127 512 1258 567 elapsis
1289 524 1310 552 a
1340 524 1436 553 con-

118 580 313 620 iune'tione
345 580 370 620 s,
405 579 653 634 oppositione
685 579 966 619 aberrationem
1001 575 1078 618 effe
1111 578 1331 618 maximam
1349 608 1361 629 ,
1396 584 1436 618 et

113 644 269 698 quidem
293 659 300 683 :

228 708 367 748 Tribus
401 707 513 760 fignis
553 707 639 761 post
680 707 972 762 oppositionem
992 738 1003 758 ,
1045 704 1326 746 aberrationem
1361 701 1439 745 esse

171 772 339 812 eiusdem
388 772 710 812 denominationis
760 785 853 814 cum
903 770 1103 812 latitudine
1122 802 1134 823 ,
1175 780 1214 811 et
1244 783 1314 825 per
1339 781 1436 810 con-

132 884 136 886 ,
171 835 326 890 sequens
365 834 699 877 Subtrahendam..
1222 886 1225 889 ,

292 904 334 946 Si
368 906 530 946 latitudo
565 906 727 946 borealis
746 939 757 959 ‚
799 905 987 947 aberratio
1023 907 1095 946 erit
1129 905 1310 946 borealis.

295 968 337 1011 Si
369 969 528 1010 latitudo
561 969 724 1009 australis
742 1001 752 1021 ,
788 970 975 1009 aberratio
1023 970 1096 1009 erit
1138 967 1325 1010 australis„

221 1045 309 1086 Post
342 1044 659 1085 coniunc‘tionem
695 1054 823 1085 autem
874 1045 915 1084 in
951 1044 1175 1099 quadratura
1194 1077 1206 1098 ,
1238 1044 1315 1086 fiue
1349 1043 1437 1099 post

104 1109 176 1149 tria
216 1110 317 1163 signa
367 1122 389 1149 a
428 1108 703 1148 coniunctione
721 1139 732 1159 7
778 1107 966 1147 aberratio
1015 1109 1142 1161 quoad
1190 1109 1437 1150 latitudinem

104 1174 247 1213 iterum
290 1180 363 1212 erit
407 1172 580 1212 maxima
600 1204 610 1223 ,
651 1171 712 1210 sed
746 1169 909 1211 assumet
948 1171 1310 1213 denominationem
1341 1184 1437 1212 con-

101 1236 255 1280 uariam
289 1235 472 1276 latitudini
503 1246 542 1274 et
574 1235 647 1274 erit
678 1235 881 1277 Addttiua.

297 1308 338 1352 Si
370 1310 530 1352 latitudo
568 1310 726 1352 borealis
745 1345 756 1365 ,
803 1312 988 1353 aberratio
1031 1311 1103 1353 erit
1135 1312 1404 1354 meridionali&

298 1374 339 1417 Si
373 1375 535 1416 latitudo
568 1376 828 1417 meridionalis
847 1410 858 1429 ‚
896 1377 1091 1418 aberratio
1127 1379 1198 1418 erit
1227 1377 1401 1418 borealis.

229 1461 268 1497 3.
303 1450 361 1489 Vt
403 1461 531 1491 autem
553 1452 738 1492 aberratio
760 1485 771 1504 ‚
805 1454 931 1507 quoad
957 1452 1197 1493 latitudinem
1216 1466 1288 1507 pro
1305 1442 1440 1507 quouis

112 1513 173 1554 die
214 1514 486 1556 determinetur
520 1516 807 1570 praesuppositis
849 1530 945 1572 quae
996 1517 1030 1566 §.
1056 1517 1089 1565 §.
1128 1517 1438 1558 antecedentibus

113 1578 361 1618 determinata
403 1579 485 1619 sunt
503 1612 513 1630 ,

231 1640 475 1682 Construatur
509 1643 641 1683 abacus
675 1657 747 1696 pro
789 1644 938 1697 singulis
978 1645 1109 1684 diebus
1142 1646 1257 1684 totius
1299 1645 1388 1685 anni
1419 1655 1441 1683 e

115 1706 269 1759 cognita
302 1706 535 1746 aberratione
571 1708 763 1746 maxima.

302 1768 362 1807 Sc.
400 1771 438 1807 in
476 1771 624 1821 sjvzigiis
660 1771 849 1811 aberratio
883 1772 934 1812 est
968 1771 1078 1811 nulla.

237 1838 311 1880 90⁶
347 1831 432 1884 post
465 1832 542 1882 syz.
578 1833 653 1871 siue
690 1845 729 1880 3.
751 1835 858 1888 signis
892 1835 1021 1889 elapsis
1056 1837 1242 1877 aberratio
1272 1838 1326 1877 est
1359 1850 1437 1877 ma-

232 1897 373 1945 xima,
417 1904 456 1934 et
510 1896 664 1949 quidem
715 1898 988 1940 determinatae
1039 1903 1249 1953 quantitatis
1292 1915 1359 1955 per
1403 1902 1438 1950 ξ.

233 1959 533 2011 praecedentem.

237 2029 309 2068 300
343 2022 413 2062 siue
446 2037 525 2063 vno
560 2024 666 2078 siguo
707 2026 828 2079 elapso
856 2028 1099 2067 aberrationis
1128 2030 1298 2083 capiatur
1329 2029 1443 2070 dimi·

235 2085 369 2123 dium:
406 2096 442 2126 et
476 2101 548 2142 pro

183 2149 303 2188 Tom.
322 2148 352 2188 I.
722 2153 769 2196 M
789 2167 831 2194 m
851 2168 894 2195 m
1346 2159 1438 2196 600,
