<?xml version="1.0" encoding="UTF-8"?>
<!DOCTYPE html PUBLIC "-//W3C//DTD XHTML 1.0 Transitional//EN"
    "http://www.w3.org/TR/xhtml1/DTD/xhtml1-transitional.dtd">
<html xmlns="http://www.w3.org/1999/xhtml" xml:lang="en" lang="en">
 <head>
  <title>
</title>
<meta http-equiv="Content-Type" content="text/html;charset=utf-8" />
  <meta name='ocr-system' content='tesseract 3.04.00' />
  <meta name='ocr-capabilities' content='ocr_page ocr_carea ocr_par ocr_line ocrx_word'/>
</head>
<body>
  <div class='ocr_page' id='page_1' title='image "./novicommentariac01impe_0040.png"; bbox 0 0 1820 2506; ppageno 0'>
   <div class='ocr_carea' id='block_1_1' title="bbox 887 129 1080 189">
    <p class='ocr_par' dir='ltr' id='par_1_1' title="bbox 887 129 1080 189">
     <span class='ocr_line' id='line_1_1' title="bbox 887 129 1080 189; baseline 0.026 -5"><span class='ocrx_word' id='word_1_1' title='bbox 887 133 919 185; x_wconf 87' lang='lat'><em>)(</em></span> <span class='ocrx_word' id='word_1_2' title='bbox 955 138 1010 176; x_wconf 79' lang='lat'><em>28</em></span> <span class='ocrx_word' id='word_1_3' title='bbox 1048 129 1080 189; x_wconf 92' lang='lat'><em>)(</em></span> 
     </span>
    </p>
   </div>
   <div class='ocr_carea' id='block_1_2' title="bbox 320 241 1667 1954">
    <p class='ocr_par' dir='ltr' id='par_1_2' title="bbox 320 241 1667 1954">
     <span class='ocr_line' id='line_1_2' title="bbox 326 241 1636 302; baseline 0.002 -14"><span class='ocrx_word' id='word_1_4' title='bbox 326 245 474 294; x_wconf 80' lang='lat' dir='ltr'><em>denzicis</em></span> <span class='ocrx_word' id='word_1_5' title='bbox 505 241 668 302; x_wconf 77' lang='lat' dir='ltr'><em>conseſjus</em></span> <span class='ocrx_word' id='word_1_6' title='bbox 701 252 738 286; x_wconf 85' lang='lat' dir='ltr'><em>et</em></span> <span class='ocrx_word' id='word_1_7' title='bbox 757 242 961 301; x_wconf 84' lang='lat' dir='ltr'><em>sententiae</em></span> <span class='ocrx_word' id='word_1_8' title='bbox 996 246 1170 287; x_wconf 75' lang='lat' dir='ltr'><em>dicendae</em></span> <span class='ocrx_word' id='word_1_9' title='bbox 1203 244 1259 286; x_wconf 88' lang='lat' dir='ltr'><em>ius</em></span> <span class='ocrx_word' id='word_1_10' title='bbox 1301 244 1448 289; x_wconf 86' lang='lat' dir='ltr'><em>habent.</em></span> <span class='ocrx_word' id='word_1_11' title='bbox 1521 245 1636 291; x_wconf 88' lang='lat' dir='ltr'><em>Porro</em></span> 
     </span>
     <span class='ocr_line' id='line_1_3' title="bbox 326 302 1660 366; baseline 0.001 -13"><span class='ocrx_word' id='word_1_12' title='bbox 326 313 388 366; x_wconf 86' lang='lat' dir='ltr'><em>qui</em></span> <span class='ocrx_word' id='word_1_13' title='bbox 436 305 609 365; x_wconf 75' lang='lat' dir='ltr'><em>praesunt</em></span> <span class='ocrx_word' id='word_1_14' title='bbox 660 310 917 354; x_wconf 67' lang='lat' dir='ltr'><em>Cancellariae</em></span> <span class='ocrx_word' id='word_1_15' title='bbox 968 312 1205 352; x_wconf 78' lang='lat' dir='ltr'><em>academicae</em></span> <span class='ocrx_word' id='word_1_16' title='bbox 1237 341 1247 361; x_wconf 85' lang='lat'>,</span> <span class='ocrx_word' id='word_1_17' title='bbox 1311 324 1390 353; x_wconf 85' lang='lat' dir='ltr'><em>cum</em></span> <span class='ocrx_word' id='word_1_18' title='bbox 1446 302 1660 355; x_wconf 30' lang='lat' dir='ltr'><em>extraneis*</em></span> 
     </span>
     <span class='ocr_line' id='line_1_4' title="bbox 320 372 1639 432; baseline 0.002 -16"><span class='ocrx_word' id='word_1_19' title='bbox 320 374 516 430; x_wconf 54' lang='lat' dir='ltr'><em>pastiones</em></span> <span class='ocrx_word' id='word_1_20' title='bbox 572 373 724 430; x_wconf 78' lang='lat' dir='ltr'><em>jaciunt</em></span> <span class='ocrx_word' id='word_1_21' title='bbox 749 406 758 425; x_wconf 89' lang='lat'>‚</span> <span class='ocrx_word' id='word_1_22' title='bbox 811 383 849 416; x_wconf 87' lang='lat' dir='ltr'><em>et</em></span> <span class='ocrx_word' id='word_1_23' title='bbox 902 376 1059 428; x_wconf 75' lang='lat' dir='ltr'><em>augendi</em></span> <span class='ocrx_word' id='word_1_24' title='bbox 1117 373 1340 415; x_wconf 88' lang='lat' dir='ltr'><em>minuendiue</em></span> <span class='ocrx_word' id='word_1_25' title='bbox 1387 372 1540 427; x_wconf 90' lang='lat' dir='ltr'><em>salaria</em></span> <span class='ocrx_word' id='word_1_26' title='bbox 1569 384 1639 432; x_wconf 90' lang='lat' dir='ltr'><em>pro</em></span> 
     </span>
     <span class='ocr_line' id='line_1_5' title="bbox 329 435 1640 495; baseline 0.002 -15"><span class='ocrx_word' id='word_1_27' title='bbox 329 439 507 493; x_wconf 74' lang='lat' dir='ltr'><em>dignitate</em></span> <span class='ocrx_word' id='word_1_28' title='bbox 546 444 583 477; x_wconf 87' lang='lat' dir='ltr'><em>et</em></span> <span class='ocrx_word' id='word_1_29' title='bbox 626 435 768 480; x_wconf 77' lang='lat' dir='ltr'><em>meritis</em></span> <span class='ocrx_word' id='word_1_30' title='bbox 808 442 977 492; x_wconf 82' lang='lat' dir='ltr'><em>cuiusque</em></span> <span class='ocrx_word' id='word_1_31' title='bbox 1017 438 1187 493; x_wconf 71' lang='lat' dir='ltr'><em>potissate</em></span> <span class='ocrx_word' id='word_1_32' title='bbox 1215 437 1363 491; x_wconf 75' lang='lat' dir='ltr'><em>pollent.</em></span> <span class='ocrx_word' id='word_1_33' title='bbox 1430 440 1640 495; x_wconf 75' lang='lat' dir='ltr'><em>Praeterea</em></span> 
     </span>
     <span class='ocr_line' id='line_1_6' title="bbox 331 499 1642 557; baseline 0.001 -13"><span class='ocrx_word' id='word_1_34' title='bbox 331 503 478 544; x_wconf 79' lang='lat' dir='ltr'><em>labores</em></span> <span class='ocrx_word' id='word_1_35' title='bbox 510 503 678 556; x_wconf 78' lang='lat' dir='ltr'><em>cuiusque</em></span> <span class='ocrx_word' id='word_1_36' title='bbox 710 502 846 544; x_wconf 82' lang='lat' dir='ltr'><em>habent</em></span> <span class='ocrx_word' id='word_1_37' title='bbox 874 499 1077 557; x_wconf 70' lang='lat' dir='ltr'><em>perjpec‘ios</em></span> <span class='ocrx_word' id='word_1_38' title='bbox 1096 534 1106 553; x_wconf 87' lang='lat'>,</span> <span class='ocrx_word' id='word_1_39' title='bbox 1141 508 1179 542; x_wconf 91' lang='lat' dir='ltr'><em>et</em></span> <span class='ocrx_word' id='word_1_40' title='bbox 1212 501 1400 556; x_wconf 76' lang='lat' dir='ltr'><em>diligenter</em></span> <span class='ocrx_word' id='word_1_41' title='bbox 1418 507 1642 556; x_wconf 81' lang='lat' dir='ltr'><em>examinant,</em></span> 
     </span>
     <span class='ocr_line' id='line_1_7' title="bbox 331 566 1639 623; baseline 0 -15"><span class='ocrx_word' id='word_1_42' title='bbox 331 580 408 619; x_wconf 86' lang='lat' dir='ltr'><em>an,</em></span> <span class='ocrx_word' id='word_1_43' title='bbox 442 578 540 621; x_wconf 78' lang='lat' dir='ltr'><em>quae</em></span> <span class='ocrx_word' id='word_1_44' title='bbox 575 569 726 620; x_wconf 79' lang='lat' dir='ltr'><em>quisque</em></span> <span class='ocrx_word' id='word_1_45' title='bbox 746 566 851 623; x_wconf 84' lang='lat' dir='ltr'><em>facit</em></span> <span class='ocrx_word' id='word_1_46' title='bbox 874 599 884 618; x_wconf 79' lang='lat'>,</span> <span class='ocrx_word' id='word_1_47' title='bbox 917 578 957 606; x_wconf 84' lang='lat' dir='ltr'><em>eo</em></span> <span class='ocrx_word' id='word_1_48' title='bbox 990 566 1090 606; x_wconf 89' lang='lat' dir='ltr'><em>modo</em></span> <span class='ocrx_word' id='word_1_49' title='bbox 1112 567 1275 621; x_wconf 83' lang='lat' dir='ltr'><em>faciat,</em></span> <span class='ocrx_word' id='word_1_50' title='bbox 1310 578 1377 621; x_wconf 86' lang='lat' dir='ltr'><em>quo</em></span> <span class='ocrx_word' id='word_1_51' title='bbox 1400 566 1537 623; x_wconf 87' lang='lat' dir='ltr'><em>facere</em></span> <span class='ocrx_word' id='word_1_52' title='bbox 1577 568 1639 608; x_wconf 88' lang='lat' dir='ltr'><em>de-</em></span> 
     </span>
     <span class='ocr_line' id='line_1_8' title="bbox 335 625 1644 686; baseline 0 -14"><span class='ocrx_word' id='word_1_53' title='bbox 335 631 395 673; x_wconf 87' lang='lat' dir='ltr'><em>het</em></span> <span class='ocrx_word' id='word_1_54' title='bbox 427 630 503 684; x_wconf 81' lang='lat' dir='ltr'><em>lege</em></span> <span class='ocrx_word' id='word_1_55' title='bbox 537 629 722 686; x_wconf 66' lang='lat' dir='ltr'><em>pactionis</em></span> <span class='ocrx_word' id='word_1_56' title='bbox 744 660 756 682; x_wconf 83' lang='lat'>,</span> <span class='ocrx_word' id='word_1_57' title='bbox 798 641 873 684; x_wconf 86' lang='lat' dir='ltr'><em>qua</em></span> <span class='ocrx_word' id='word_1_58' title='bbox 892 625 1010 683; x_wconf 67' lang='lat' dir='ltr'><em>ssmet</em></span> <span class='ocrx_word' id='word_1_59' title='bbox 1052 630 1269 686; x_wconf 76' lang='lat' dir='ltr'><em>obstrinxit:</em></span> <span class='ocrx_word' id='word_1_60' title='bbox 1314 631 1451 672; x_wconf 85' lang='lat' dir='ltr'><em>Eorum</em></span> <span class='ocrx_word' id='word_1_61' title='bbox 1493 631 1644 686; x_wconf 84' lang='lat' dir='ltr'><em>denique</em></span> 
     </span>
     <span class='ocr_line' id='line_1_9' title="bbox 335 691 1645 751; baseline 0 -15"><span class='ocrx_word' id='word_1_62' title='bbox 335 696 382 751; x_wconf 74' lang='lat' dir='ltr'><em>cst</em></span> <span class='ocrx_word' id='word_1_63' title='bbox 403 728 414 745; x_wconf 90' lang='lat'>,</span> <span class='ocrx_word' id='word_1_64' title='bbox 455 694 499 735; x_wconf 88' lang='lat' dir='ltr'><em>de</em></span> <span class='ocrx_word' id='word_1_65' title='bbox 538 693 650 735; x_wconf 86' lang='lat' dir='ltr'><em>rebus</em></span> <span class='ocrx_word' id='word_1_66' title='bbox 691 693 746 734; x_wconf 91' lang='lat' dir='ltr'><em>ad</em></span> <span class='ocrx_word' id='word_1_67' title='bbox 786 691 1032 735; x_wconf 83' lang='lat' dir='ltr'><em>Academiam</em></span> <span class='ocrx_word' id='word_1_68' title='bbox 1079 694 1343 749; x_wconf 82' lang='lat' dir='ltr'><em>pertinentibus</em></span> <span class='ocrx_word' id='word_1_69' title='bbox 1383 698 1645 737; x_wconf 85' lang='lat' dir='ltr'><em>communicare</em></span> 
     </span>
     <span class='ocr_line' id='line_1_10' title="bbox 337 755 1667 813; baseline 0 -13"><span class='ocrx_word' id='word_1_70' title='bbox 337 772 417 800; x_wconf 88' lang='lat' dir='ltr'><em>cum</em></span> <span class='ocrx_word' id='word_1_71' title='bbox 451 755 615 798; x_wconf 83' lang='lat' dir='ltr'><em>omnihus</em></span> <span class='ocrx_word' id='word_1_72' title='bbox 634 790 644 809; x_wconf 86' lang='lat'>‚</span> <span class='ocrx_word' id='word_1_73' title='bbox 679 768 830 812; x_wconf 87' lang='lat' dir='ltr'><em>quorum</em></span> <span class='ocrx_word' id='word_1_74' title='bbox 863 759 908 799; x_wconf 86' lang='lat' dir='ltr'><em>ia&#39;</em></span> <span class='ocrx_word' id='word_1_75' title='bbox 935 758 1107 813; x_wconf 72' lang='lat' dir='ltr'><em>interest,</em></span> <span class='ocrx_word' id='word_1_76' title='bbox 1141 758 1294 812; x_wconf 65' lang='lat' dir='ltr'><em>collegiis</em></span> <span class='ocrx_word' id='word_1_77' title='bbox 1311 792 1321 811; x_wconf 80' lang='lat'>,</span> <span class='ocrx_word' id='word_1_78' title='bbox 1363 760 1418 800; x_wconf 88' lang='lat' dir='ltr'><em>ad</em></span> <span class='ocrx_word' id='word_1_79' title='bbox 1456 768 1667 813; x_wconf 78' lang='lat' dir='ltr'><em>eorumque·</em></span> 
     </span>
     <span class='ocr_line' id='line_1_11' title="bbox 338 821 1646 878; baseline -0.001 -14"><span class='ocrx_word' id='word_1_80' title='bbox 338 836 468 864; x_wconf 89' lang='lat' dir='ltr'><em>manus</em></span> <span class='ocrx_word' id='word_1_81' title='bbox 497 822 710 878; x_wconf 82' lang='lat' dir='ltr'><em>perueniunt</em></span> <span class='ocrx_word' id='word_1_82' title='bbox 743 822 863 863; x_wconf 60' lang='lat' dir='ltr'><em>edicta</em></span> <span class='ocrx_word' id='word_1_83' title='bbox 896 822 1147 875; x_wconf 76' lang='lat' dir='ltr'><em>Imperatoria</em></span> <span class='ocrx_word' id='word_1_84' title='bbox 1181 830 1216 863; x_wconf 89' lang='lat' dir='ltr'><em>et</em></span> <span class='ocrx_word' id='word_1_85' title='bbox 1255 821 1365 863; x_wconf 79' lang='lat' dir='ltr'><em>libelli</em></span> <span class='ocrx_word' id='word_1_86' title='bbox 1408 824 1646 865; x_wconf 71' lang='lat' dir='ltr'><em>memoriales.</em></span> 
     </span>
     <span class='ocr_line' id='line_1_12' title="bbox 337 883 1653 941; baseline -0.002 -11"><span class='ocrx_word' id='word_1_87' title='bbox 337 887 394 930; x_wconf 88' lang='lat' dir='ltr'><em>Vt</em></span> <span class='ocrx_word' id='word_1_88' title='bbox 419 887 555 941; x_wconf 82' lang='lat' dir='ltr'><em>paucis</em></span> <span class='ocrx_word' id='word_1_89' title='bbox 587 886 782 940; x_wconf 82' lang='lat' dir='ltr'><em>expediam</em></span> <span class='ocrx_word' id='word_1_90' title='bbox 802 918 813 939; x_wconf 83' lang='lat'>,</span> <span class='ocrx_word' id='word_1_91' title='bbox 845 897 950 940; x_wconf 86' lang='lat' dir='ltr'><em>quum</em></span> <span class='ocrx_word' id='word_1_92' title='bbox 984 886 1142 927; x_wconf 64' lang='lat' dir='ltr'><em>dociores</em></span> <span class='ocrx_word' id='word_1_93' title='bbox 1163 920 1173 938; x_wconf 80' lang='lat'>,</span> <span class='ocrx_word' id='word_1_94' title='bbox 1206 893 1281 928; x_wconf 85' lang='lat' dir='ltr'><em>tum</em></span> <span class='ocrx_word' id='word_1_95' title='bbox 1322 883 1512 941; x_wconf 78' lang='lat' dir='ltr'><em>discentes,</em></span> <span class='ocrx_word' id='word_1_96' title='bbox 1554 886 1653 929; x_wconf 85' lang='lat' dir='ltr'><em>nihil</em></span> 
     </span>
     <span class='ocr_line' id='line_1_13' title="bbox 336 947 1650 1007; baseline 0.001 -15"><span class='ocrx_word' id='word_1_97' title='bbox 336 952 534 1006; x_wconf 76' lang='lat' dir='ltr'><em>quidquam</em></span> <span class='ocrx_word' id='word_1_98' title='bbox 567 949 666 1003; x_wconf 74' lang='lat' dir='ltr'><em>quod</em></span> <span class='ocrx_word' id='word_1_99' title='bbox 695 950 752 991; x_wconf 89' lang='lat' dir='ltr'><em>ad</em></span> <span class='ocrx_word' id='word_1_100' title='bbox 781 961 901 991; x_wconf 86' lang='lat' dir='ltr'><em>eorum</em></span> <span class='ocrx_word' id='word_1_101' title='bbox 924 949 1056 1007; x_wconf 84' lang='lat' dir='ltr'><em>forum</em></span> <span class='ocrx_word' id='word_1_102' title='bbox 1088 963 1154 991; x_wconf 88' lang='lat' dir='ltr'><em>non</em></span> <span class='ocrx_word' id='word_1_103' title='bbox 1184 954 1371 1005; x_wconf 82' lang='lat' dir='ltr'><em>pertineat</em></span> <span class='ocrx_word' id='word_1_104' title='bbox 1391 985 1401 1003; x_wconf 78' lang='lat'>,</span> <span class='ocrx_word' id='word_1_105' title='bbox 1429 948 1561 1006; x_wconf 80' lang='lat' dir='ltr'><em>Jponte</em></span> <span class='ocrx_word' id='word_1_106' title='bbox 1575 947 1650 1006; x_wconf 84' lang='lat' dir='ltr'><em>sua</em></span> 
     </span>
     <span class='ocr_line' id='line_1_14' title="bbox 324 1008 1650 1071; baseline 0.002 -16"><span class='ocrx_word' id='word_1_107' title='bbox 324 1011 504 1070; x_wconf 69' lang='lat' dir='ltr'><em>suscipere</em></span> <span class='ocrx_word' id='word_1_108' title='bbox 523 1048 533 1065; x_wconf 87' lang='lat'>,</span> <span class='ocrx_word' id='word_1_109' title='bbox 553 1008 629 1067; x_wconf 80' lang='lat' dir='ltr'><em>sed</em></span> <span class='ocrx_word' id='word_1_110' title='bbox 657 1017 778 1056; x_wconf 82' lang='lat' dir='ltr'><em>omnia</em></span> <span class='ocrx_word' id='word_1_111' title='bbox 811 1014 866 1055; x_wconf 87' lang='lat' dir='ltr'><em>ad</em></span> <span class='ocrx_word' id='word_1_112' title='bbox 895 1013 1169 1056; x_wconf 86' lang='lat' dir='ltr'><em>Cancellariam</em></span> <span class='ocrx_word' id='word_1_113' title='bbox 1201 1015 1345 1071; x_wconf 82' lang='lat' dir='ltr'><em>referre</em></span> <span class='ocrx_word' id='word_1_114' title='bbox 1377 1017 1526 1067; x_wconf 72' lang='lat' dir='ltr'><em>debent,</em></span> <span class='ocrx_word' id='word_1_115' title='bbox 1554 1027 1650 1069; x_wconf 85' lang='lat' dir='ltr'><em>quae</em></span> 
     </span>
     <span class='ocr_line' id='line_1_15' title="bbox 337 1076 1651 1134; baseline 0.002 -15"><span class='ocrx_word' id='word_1_116' title='bbox 337 1080 482 1134; x_wconf 80' lang='lat' dir='ltr'><em>quidem</em></span> <span class='ocrx_word' id='word_1_117' title='bbox 513 1076 723 1119; x_wconf 60' lang='lat' dir='ltr'><em>cunctarum</em></span> <span class='ocrx_word' id='word_1_118' title='bbox 755 1091 879 1121; x_wconf 82' lang='lat' dir='ltr'><em>reruni</em></span> <span class='ocrx_word' id='word_1_119' title='bbox 910 1091 1039 1120; x_wconf 86' lang='lat' dir='ltr'><em>curam</em></span> <span class='ocrx_word' id='word_1_120' title='bbox 1063 1080 1223 1133; x_wconf 55' lang='lat' dir='ltr'><em>gerendo</em></span> <span class='ocrx_word' id='word_1_121' title='bbox 1245 1106 1254 1128; x_wconf 82' lang='lat'>‚</span> <span class='ocrx_word' id='word_1_122' title='bbox 1291 1081 1453 1120; x_wconf 85' lang='lat' dir='ltr'><em>rationes</em></span> <span class='ocrx_word' id='word_1_123' title='bbox 1506 1082 1651 1122; x_wconf 83' lang='lat' dir='ltr'><em>aerarii</em></span> 
     </span>
     <span class='ocr_line' id='line_1_16' title="bbox 337 1138 1652 1198; baseline -0.002 -13"><span class='ocrx_word' id='word_1_124' title='bbox 337 1144 499 1198; x_wconf 85' lang='lat' dir='ltr'><em>disponet</em></span> <span class='ocrx_word' id='word_1_125' title='bbox 515 1175 525 1194; x_wconf 88' lang='lat'>,</span> <span class='ocrx_word' id='word_1_126' title='bbox 559 1141 714 1196; x_wconf 85' lang='lat' dir='ltr'><em>illudque</em></span> <span class='ocrx_word' id='word_1_127' title='bbox 733 1138 885 1197; x_wconf 86' lang='lat' dir='ltr'><em>sartum</em></span> <span class='ocrx_word' id='word_1_128' title='bbox 916 1143 1047 1185; x_wconf 59' lang='lat' dir='ltr'><em>tenum</em></span> <span class='ocrx_word' id='word_1_129' title='bbox 1066 1177 1076 1196; x_wconf 92' lang='lat'>‚</span> <span class='ocrx_word' id='word_1_130' title='bbox 1110 1150 1145 1184; x_wconf 89' lang='lat' dir='ltr'><em>et</em></span> <span class='ocrx_word' id='word_1_131' title='bbox 1179 1144 1228 1184; x_wconf 67' lang='lat' dir='ltr'><em>ab</em></span> <span class='ocrx_word' id='word_1_132' title='bbox 1257 1146 1350 1184; x_wconf 88' lang='lat' dir='ltr'><em>omni</em></span> <span class='ocrx_word' id='word_1_133' title='bbox 1378 1143 1592 1185; x_wconf 81' lang='lat' dir='ltr'><em>incommodo</em></span> <span class='ocrx_word' id='word_1_134' title='bbox 1617 1150 1652 1183; x_wconf 89' lang='lat' dir='ltr'><em>et</em></span> 
     </span>
     <span class='ocr_line' id='line_1_17' title="bbox 339 1203 1652 1261; baseline 0 -13"><span class='ocrx_word' id='word_1_135' title='bbox 339 1209 554 1249; x_wconf 79' lang='lat' dir='ltr'><em>detrimento</em></span> <span class='ocrx_word' id='word_1_136' title='bbox 571 1206 755 1261; x_wconf 82' lang='lat' dir='ltr'><em>stncerum</em></span> <span class='ocrx_word' id='word_1_137' title='bbox 787 1215 896 1261; x_wconf 86' lang='lat' dir='ltr'><em>atque</em></span> <span class='ocrx_word' id='word_1_138' title='bbox 928 1210 1109 1260; x_wconf 86' lang='lat' dir='ltr'><em>integrum</em></span> <span class='ocrx_word' id='word_1_139' title='bbox 1140 1203 1363 1260; x_wconf 79' lang='lat' dir='ltr'><em>conseruabit</em></span> <span class='ocrx_word' id='word_1_140' title='bbox 1382 1240 1392 1259; x_wconf 83' lang='lat'>‚</span> <span class='ocrx_word' id='word_1_141' title='bbox 1425 1214 1461 1247; x_wconf 86' lang='lat' dir='ltr'><em>et</em></span> <span class='ocrx_word' id='word_1_142' title='bbox 1493 1208 1581 1260; x_wconf 85' lang='lat' dir='ltr'><em>quid</em></span> <span class='ocrx_word' id='word_1_143' title='bbox 1603 1219 1652 1248; x_wconf 82' lang='lat' dir='ltr'><em>ex</em></span> 
     </span>
     <span class='ocr_line' id='line_1_18' title="bbox 339 1267 1651 1327; baseline 0 -16"><span class='ocrx_word' id='word_1_144' title='bbox 339 1281 476 1327; x_wconf 81' lang='lat' dir='ltr'><em>quoque</em></span> <span class='ocrx_word' id='word_1_145' title='bbox 518 1270 655 1324; x_wconf 78' lang='lat' dir='ltr'><em>negotio</em></span> <span class='ocrx_word' id='word_1_146' title='bbox 694 1269 912 1311; x_wconf 83' lang='lat' dir='ltr'><em>emolumenti</em></span> <span class='ocrx_word' id='word_1_147' title='bbox 954 1267 1125 1326; x_wconf 87' lang='lat' dir='ltr'><em>nascatur</em></span> <span class='ocrx_word' id='word_1_148' title='bbox 1143 1303 1154 1322; x_wconf 88' lang='lat'>,</span> <span class='ocrx_word' id='word_1_149' title='bbox 1197 1283 1277 1312; x_wconf 90' lang='lat' dir='ltr'><em>cum</em></span> <span class='ocrx_word' id='word_1_150' title='bbox 1308 1283 1400 1312; x_wconf 88' lang='lat' dir='ltr'><em>cura</em></span> <span class='ocrx_word' id='word_1_151' title='bbox 1432 1270 1651 1325; x_wconf 81' lang='lat' dir='ltr'><em>explorabit.</em></span> 
     </span>
     <span class='ocr_line' id='line_1_19' title="bbox 333 1329 1653 1395; baseline 0 -21"><span class='ocrx_word' id='word_1_152' title='bbox 333 1336 416 1395; x_wconf 67' lang='lat' dir='ltr'><em>Qui</em></span> <span class='ocrx_word' id='word_1_153' title='bbox 464 1335 571 1375; x_wconf 84' lang='lat' dir='ltr'><em>rebus</em></span> <span class='ocrx_word' id='word_1_154' title='bbox 624 1334 801 1385; x_wconf 84' lang='lat' dir='ltr'><em>gerendis</em></span> <span class='ocrx_word' id='word_1_155' title='bbox 834 1329 1009 1389; x_wconf 66' lang='lat' dir='ltr'><em>praestent</em></span> <span class='ocrx_word' id='word_1_156' title='bbox 1026 1367 1037 1386; x_wconf 92' lang='lat'>,</span> <span class='ocrx_word' id='word_1_157' title='bbox 1088 1333 1238 1375; x_wconf 86' lang='lat' dir='ltr'><em>eundem</em></span> <span class='ocrx_word' id='word_1_158' title='bbox 1278 1334 1468 1387; x_wconf 84' lang='lat' dir='ltr'><em>dignitatis</em></span> <span class='ocrx_word' id='word_1_159' title='bbox 1492 1336 1653 1387; x_wconf 78' lang='lat' dir='ltr'><em>gradum</em></span> 
     </span>
     <span class='ocr_line' id='line_1_20' title="bbox 340 1396 1651 1451; baseline -0.001 -12"><span class='ocrx_word' id='word_1_160' title='bbox 340 1405 483 1439; x_wconf 85' lang='lat' dir='ltr'><em>tuentur</em></span> <span class='ocrx_word' id='word_1_161' title='bbox 503 1430 513 1448; x_wconf 81' lang='lat'>,</span> <span class='ocrx_word' id='word_1_162' title='bbox 548 1404 660 1449; x_wconf 80' lang='lat' dir='ltr'><em>atque</em></span> <span class='ocrx_word' id='word_1_163' title='bbox 692 1398 720 1437; x_wconf 87' lang='lat' dir='ltr'><em>ii</em></span> <span class='ocrx_word' id='word_1_164' title='bbox 737 1430 747 1449; x_wconf 83' lang='lat'>,</span> <span class='ocrx_word' id='word_1_165' title='bbox 781 1400 842 1451; x_wconf 87' lang='lat' dir='ltr'><em>qui</em></span> <span class='ocrx_word' id='word_1_166' title='bbox 875 1400 912 1439; x_wconf 87' lang='lat' dir='ltr'><em>in</em></span> <span class='ocrx_word' id='word_1_167' title='bbox 943 1399 1073 1439; x_wconf 84' lang='lat' dir='ltr'><em>ceteris</em></span> <span class='ocrx_word' id='word_1_168' title='bbox 1113 1396 1270 1450; x_wconf 79' lang='lat' dir='ltr'><em>collegiis</em></span> <span class='ocrx_word' id='word_1_169' title='bbox 1310 1398 1438 1439; x_wconf 85' lang='lat' dir='ltr'><em>iisdem</em></span> <span class='ocrx_word' id='word_1_170' title='bbox 1481 1397 1651 1439; x_wconf 82' lang='lat' dir='ltr'><em>honorum</em></span> 
     </span>
     <span class='ocr_line' id='line_1_21' title="bbox 343 1458 1653 1516; baseline -0.002 -12"><span class='ocrx_word' id='word_1_171' title='bbox 343 1460 532 1504; x_wconf 73' lang='lat' dir='ltr'><em>vocabulis</em></span> <span class='ocrx_word' id='word_1_172' title='bbox 565 1466 751 1514; x_wconf 77' lang='lat' dir='ltr'><em>vtuntur3</em></span> <span class='ocrx_word' id='word_1_173' title='bbox 781 1469 1001 1516; x_wconf 70' lang='lat' dir='ltr'><em>praeterque</em></span> <span class='ocrx_word' id='word_1_174' title='bbox 1032 1475 1092 1503; x_wconf 87' lang='lat' dir='ltr'><em>eos</em></span> <span class='ocrx_word' id='word_1_175' title='bbox 1124 1463 1161 1501; x_wconf 86' lang='lat' dir='ltr'><em>in</em></span> <span class='ocrx_word' id='word_1_176' title='bbox 1195 1461 1432 1502; x_wconf 84' lang='lat' dir='ltr'><em>Cancellaria</em></span> <span class='ocrx_word' id='word_1_177' title='bbox 1451 1458 1559 1516; x_wconf 72' lang='lat' dir='ltr'><em>fiento</em></span> <span class='ocrx_word' id='word_1_178' title='bbox 1584 1463 1653 1502; x_wconf 88' lang='lat' dir='ltr'><em>Se-</em></span> 
     </span>
     <span class='ocr_line' id='line_1_22' title="bbox 342 1523 1650 1582; baseline 0 -15"><span class='ocrx_word' id='word_1_179' title='bbox 342 1527 548 1577; x_wconf 81' lang='lat' dir='ltr'><em>cretarius,</em></span> <span class='ocrx_word' id='word_1_180' title='bbox 566 1524 774 1576; x_wconf 65' lang='lat' dir='ltr'><em>actuarius,</em></span> <span class='ocrx_word' id='word_1_181' title='bbox 793 1523 1065 1580; x_wconf 80' lang='lat' dir='ltr'><em>commiffarius,</em></span> <span class='ocrx_word' id='word_1_182' title='bbox 1091 1532 1240 1566; x_wconf 83' lang='lat' dir='ltr'><em>curator</em></span> <span class='ocrx_word' id='word_1_183' title='bbox 1257 1526 1483 1582; x_wconf 67' lang='lat' dir='ltr'><em>regestorum,</em></span> <span class='ocrx_word' id='word_1_184' title='bbox 1502 1526 1650 1581; x_wconf 73' lang='lat' dir='ltr'><em>iifiitor,</em></span> 
     </span>
     <span class='ocr_line' id='line_1_23' title="bbox 340 1584 1652 1647; baseline -0.002 -14"><span class='ocrx_word' id='word_1_185' title='bbox 340 1590 537 1643; x_wconf 79' lang='lat' dir='ltr'><em>chirurgus</em></span> <span class='ocrx_word' id='word_1_186' title='bbox 556 1591 697 1643; x_wconf 84' lang='lat' dir='ltr'><em>eiusque</em></span> <span class='ocrx_word' id='word_1_187' title='bbox 705 1584 830 1642; x_wconf 77' lang='lat' dir='ltr'><em>fhcius</em></span> <span class='ocrx_word' id='word_1_188' title='bbox 848 1597 882 1629; x_wconf 86' lang='lat' dir='ltr'><em>et</em></span> <span class='ocrx_word' id='word_1_189' title='bbox 900 1590 1127 1647; x_wconf 76' lang='lat' dir='ltr'><em>administer,</em></span> <span class='ocrx_word' id='word_1_190' title='bbox 1148 1592 1349 1644; x_wconf 86' lang='lat' dir='ltr'><em>interpres,</em></span> <span class='ocrx_word' id='word_1_191' title='bbox 1375 1589 1439 1630; x_wconf 84' lang='lat' dir='ltr'><em>duo</em></span> <span class='ocrx_word' id='word_1_192' title='bbox 1458 1589 1652 1631; x_wconf 86' lang='lat' dir='ltr'><em>Cancella-</em></span> 
     </span>
     <span class='ocr_line' id='line_1_24' title="bbox 342 1650 1649 1708; baseline -0.002 -12"><span class='ocrx_word' id='word_1_193' title='bbox 342 1657 422 1697; x_wconf 81' lang='lat' dir='ltr'><em>riae</em></span> <span class='ocrx_word' id='word_1_194' title='bbox 443 1650 592 1708; x_wconf 81' lang='lat' dir='ltr'><em>scribae</em></span> <span class='ocrx_word' id='word_1_195' title='bbox 624 1653 731 1694; x_wconf 85' lang='lat' dir='ltr'><em>rebus</em></span> <span class='ocrx_word' id='word_1_196' title='bbox 763 1654 907 1704; x_wconf 85' lang='lat' dir='ltr'><em>rufficis</em></span> <span class='ocrx_word' id='word_1_197' title='bbox 927 1688 937 1706; x_wconf 77' lang='lat'>‚</span> <span class='ocrx_word' id='word_1_198' title='bbox 970 1667 1063 1695; x_wconf 80' lang='lat' dir='ltr'><em>vnus</em></span> <span class='ocrx_word' id='word_1_199' title='bbox 1071 1656 1299 1707; x_wconf 79' lang='lat' dir='ltr'><em>germanicis</em></span> <span class='ocrx_word' id='word_1_200' title='bbox 1333 1656 1479 1706; x_wconf 73' lang='lat' dir='ltr'><em>negotiis</em></span> <span class='ocrx_word' id='word_1_201' title='bbox 1511 1666 1649 1694; x_wconf 83' lang='lat' dir='ltr'><em>curan-</em></span> 
     </span>
     <span class='ocr_line' id='line_1_25' title="bbox 343 1716 1653 1772; baseline -0.002 -12"><span class='ocrx_word' id='word_1_202' title='bbox 343 1721 434 1772; x_wconf 76' lang='lat' dir='ltr'><em>dis3</em></span> <span class='ocrx_word' id='word_1_203' title='bbox 477 1719 545 1759; x_wconf 87' lang='lat' dir='ltr'><em>duo</em></span> <span class='ocrx_word' id='word_1_204' title='bbox 585 1719 671 1758; x_wconf 90' lang='lat' dir='ltr'><em>item</em></span> <span class='ocrx_word' id='word_1_205' title='bbox 723 1716 822 1767; x_wconf 84' lang='lat' dir='ltr'><em>alii,</em></span> <span class='ocrx_word' id='word_1_206' title='bbox 874 1719 1012 1761; x_wconf 82' lang='lat' dir='ltr'><em>ordinis</em></span> <span class='ocrx_word' id='word_1_207' title='bbox 1051 1720 1266 1772; x_wconf 78' lang='lat' dir='ltr'><em>sequioris,</em></span> <span class='ocrx_word' id='word_1_208' title='bbox 1308 1719 1439 1759; x_wconf 80' lang='lat' dir='ltr'><em>iisdem</em></span> <span class='ocrx_word' id='word_1_209' title='bbox 1481 1718 1623 1768; x_wconf 73' lang='lat' dir='ltr'><em>rufficis</em></span> <span class='ocrx_word' id='word_1_210' title='bbox 1642 1751 1653 1770; x_wconf 78' lang='lat'>,</span> 
     </span>
     <span class='ocr_line' id='line_1_26' title="bbox 344 1777 1651 1837; baseline -0.001 -13"><span class='ocrx_word' id='word_1_211' title='bbox 344 1785 501 1837; x_wconf 86' lang='lat' dir='ltr'><em>itemque</em></span> <span class='ocrx_word' id='word_1_212' title='bbox 532 1794 626 1823; x_wconf 83' lang='lat' dir='ltr'><em>vnus</em></span> <span class='ocrx_word' id='word_1_213' title='bbox 646 1777 860 1835; x_wconf 66' lang='lat' dir='ltr'><em>scribendis</em></span> <span class='ocrx_word' id='word_1_214' title='bbox 893 1784 1004 1824; x_wconf 76' lang='lat' dir='ltr'><em>rebus</em></span> <span class='ocrx_word' id='word_1_215' title='bbox 1024 1784 1254 1836; x_wconf 82' lang='lat' dir='ltr'><em>germanicis</em></span> <span class='ocrx_word' id='word_1_216' title='bbox 1276 1815 1286 1834; x_wconf 80' lang='lat'>,</span> <span class='ocrx_word' id='word_1_217' title='bbox 1318 1789 1357 1822; x_wconf 89' lang='lat' dir='ltr'><em>et</em></span> <span class='ocrx_word' id='word_1_218' title='bbox 1388 1783 1462 1824; x_wconf 67' lang='lat' dir='ltr'><em>octo</em></span> <span class='ocrx_word' id='word_1_219' title='bbox 1495 1795 1651 1824; x_wconf 83' lang='lat' dir='ltr'><em>amanu-</em></span> 
     </span>
     <span class='ocr_line' id='line_1_27' title="bbox 345 1845 454 1902; baseline 0 -12"><span class='ocrx_word' id='word_1_220' title='bbox 345 1845 454 1902; x_wconf 69' lang='lat' dir='ltr'><em>enses.</em></span> 
     </span>
     <span class='ocr_line' id='line_1_28' title="bbox 538 1903 1480 1954; baseline 0.004 -14"><span class='ocrx_word' id='word_1_221' title='bbox 538 1903 863 1954; x_wconf 80' lang='lat' dir='ltr'>BIBLIOTHECA</span> <span class='ocrx_word' id='word_1_222' title='bbox 891 1905 957 1942; x_wconf 87' lang='lat' dir='ltr'><em>ET</em></span> <span class='ocrx_word' id='word_1_223' title='bbox 987 1904 1480 1945; x_wconf 75' lang='lat' dir='ltr'><strong>CIMELIOPHYLACWM.</strong></span> 
     </span>
    </p>
   </div>
   <div class='ocr_carea' id='block_1_3' title="bbox 461 2004 1656 2171">
    <p class='ocr_par' dir='ltr' id='par_1_3' title="bbox 461 2004 1656 2171">
     <span class='ocr_line' id='line_1_29' title="bbox 966 2004 1034 2041; baseline 0.029 -10"><span class='ocrx_word' id='word_1_224' title='bbox 966 2004 985 2041; x_wconf 83' lang='lat'>5</span> <span class='ocrx_word' id='word_1_225' title='bbox 998 2006 1034 2033; x_wconf 91' lang='lat'><em>1.</em></span> 
     </span>
     <span class='ocr_line' id='line_1_30' title="bbox 461 2063 1656 2123; baseline -0.003 -13"><span class='ocrx_word' id='word_1_226' title='bbox 461 2065 774 2110; x_wconf 76' lang='lat' dir='ltr'><em>Bibliothecarius</em></span> <span class='ocrx_word' id='word_1_227' title='bbox 794 2063 867 2120; x_wconf 69' lang='lat' dir='ltr'><em>stlb</em></span> <span class='ocrx_word' id='word_1_228' title='bbox 899 2069 1073 2122; x_wconf 87' lang='lat' dir='ltr'><em>regimine</em></span> <span class='ocrx_word' id='word_1_229' title='bbox 1113 2067 1302 2123; x_wconf 72' lang='lat' dir='ltr'><em>Pracssdis</em></span> <span class='ocrx_word' id='word_1_230' title='bbox 1335 2067 1484 2123; x_wconf 83' lang='lat' dir='ltr'><em>praeest</em></span> <span class='ocrx_word' id='word_1_231' title='bbox 1525 2067 1656 2120; x_wconf 82' lang='lat' dir='ltr'><em>Impe-</em></span> 
     </span>
     <span class='ocr_line' id='line_1_31' title="bbox 1495 2140 1656 2171; baseline 0.006 -1"><span class='ocrx_word' id='word_1_232' title='bbox 1495 2140 1656 2171; x_wconf 69' lang='lat' dir='ltr'>rsstOI‘lssC</span> 
     </span>
    </p>
   </div>
  </div>
 </body>
</html>
