1820 2506
234 168 697 229 OBSERVATIONES
729 166 1119 219 ANATDMICAE
1310 179 1365 224 33
1372 181 1401 222 9

201 295 279 339 111.
316 296 467 337 Tunica
498 294 602 336 vteri
635 293 804 334 exterior
835 292 889 334 est
920 303 1012 334 vera
1043 290 1237 346 peritonei
1269 290 1396 334 conti-

90 363 221 404 nuatio
239 359 314 418 (1).
384 359 502 416 Quod
519 358 720 414 postquam
736 357 882 399 vesicae
899 355 1100 411 planitiem
1119 355 1285 398 obduxit
1303 387 1314 410 ‚
1355 361 1396 396 et
1406 355 1608 394 (om-xa.

88 426 165 467 iam
183 426 230 466 ad
262 434 416 466 vterum
432 422 579 464 accessit
598 455 609 475 ‚
642 422 809 476 superata
839 421 986 462 ceruice
1017 427 1056 459 et
1087 429 1202 461 vtero
1235 417 1398 474 amplia·
1425 398 1473 437 ἦε·
1498 408 1525 431 “·
1554 408 1589 431 ⁸²

90 490 122 531 ri
155 489 361 543 incipiente
380 520 391 540 ,
424 485 518 527 haec
550 487 677 527 tunica
709 485 840 540 paullo
873 484 1023 526 craffior
1054 483 1181 524 euadit
1198 516 1210 538 ,
1244 492 1284 524 et
1315 482 1399 523 cin-

89 553 166 607 guli
205 553 399 594 albicantis
415 582 427 603 ,
469 551 568 591 vteri
607 549 717 591 fibras
765 548 1045 591 corroborantis
1084 547 1250 602 speciem
1305 558 1400 604 prae

88 617 126 659 se
159 615 232 658 fert
249 648 260 670 ,
293 615 396 657 cuius
426 613 546 667 figura
585 613 880 668 quodammodo
927 611 1058 654 falcata
1109 611 1161 653 est
1197 608 1275 668 (2).
1413 630 1466 671 (2)
1487 630 1599 664 mm„

209 741 284 784 IV.
319 741 539 796 Antequam
558 740 766 795 aperiretur
784 748 912 781 vterus
929 773 940 794 ,
975 737 1138 795 putasses
1154 773 1166 794 ,
1199 737 1310 781 illum
1328 737 1401 781 vix

92 816 207 849 tenue
247 806 408 846 linteum
451 804 515 845 vel
553 816 746 860 papyrum
785 804 1021 846 crassitudine
1061 806 1232 860 superare
1250 835 1261 855 ‚
1303 802 1401 845 adeo

91 871 196 912 tactu
228 869 358 911 mollis
390 878 469 909 erat
486 901 497 921 ,
532 878 573 909 et
606 870 704 910 adeo
734 867 842 910 facile
875 877 1102 910 contentum
1134 868 1281 908 fbetum
1316 874 1402 909 tan·

89 946 179 988 gere
196 966 207 985 ‚
239 942 277 973 et
308 933 483 973 membra
515 932 741 985 distinguere
773 931 924 972 licebat.
999 929 1076 972 Sed
1114 930 1211 971 facta
1253 927 1404 970 incisio-

91 1010 140 1038 ne
171 1010 229 1038 res
261 996 367 1037 aliter
399 995 435 1036 se
467 995 607 1036 habere
638 994 928 1048 intelligebatur.
995 994 1058 1037 Re
1077 1007 1168 1036 vera
1185 993 1291 1036 enim
1310 990 1404 1032 cras-

89 1060 186 1102 sities
218 1059 377 1101 laterum
411 1058 586 1100 iectionis
625 1068 700 1099 tres
730 1058 858 1098 saltem
898 1058 1013 1099 lineas
1052 1058 1306 1113 geometricas
1338 1067 1403 1097 ae·

93 1126 241 1179 quabat.
309 1122 519 1163 Substantia
553 1131 680 1161 autem
713 1122 811 1161 vteri
851 1130 932 1160 erat
950 1153 960 1173 ,
1002 1132 1048 1161 vt
1096 1134 1187 1162 cum
1238 1120 1404 1163 Arantio

91 1185 246 1240 loquar,
278 1185 431 1238 fungoffi
449 1217 460 1237 ,
493 1183 691 1238 spongiosa
709 1216 720 1236 ‚
754 1184 954 1237 insignibus
986 1184 1151 1229 hiatibus
1189 1193 1229 1226 et
1268 1182 1404 1227 finibus

94 1249 242 1290 venosis
261 1248 513 1303 perterebrata
532 1280 542 1300 ,
575 1248 637 1288 sed
654 1248 783 1288 vacuis
801 1281 812 1300 ,
846 1248 898 1288 ita
937 1256 983 1288 vt
1022 1248 1141 1288 sedtio
1179 1246 1295 1301 plane
1345 1246 1400 1289 in-

91 1322 249 1354 cruenta
281 1311 374 1353 effet
391 1310 467 1367 (3).
503 1312 609 1353 Haec
643 1310 842 1352 craffitudo
874 1312 914 1351 in
931 1320 1017 1352 toto
1033 1312 1133 1352 vteri
1150 1311 1293 1353 ambitu
1311 1310 1474 1365 pro-(3)
1491 1311 1562 1347 ibid.
1582 1320 1609 1346 e·

91 1377 300 1431 pemodum
318 1376 480 1430 aequalis
498 1385 598 1428 erat,
616 1375 725 1416 aucta
738 1385 865 1416 tamen
885 1387 1093 1430 parumper
1117 1376 1216 1416 circa
1232 1373 1401 1415 fimdum.

92 1440 171 1480 Vb1
203 1450 330 1481 autem
362 1448 488 1480 vterus
522 1453 542 1480 a
579 1440 754 1482 maxima
794 1438 1046 1492 amplitudine
1089 1438 1273 1493 angustari
1314 1449 1405 1477 coe-

92 1504 151 1557 pit
191 1514 231 1543 et
271 1503 463 1556 cingulum
504 1503 596 1544 illud
638 1501 747 1558 (111.)
789 1502 939 1543 acceffit
957 1535 968 1554 ,
1008 1503 1060 1542 ibi
1090 1503 1221 1556 paullo
1254 1501 1404 1542 tenuior

90 1567 205 1607 nei-us
214 1576 293 1607 erat
301 1578 419 1620 vsque
437 1567 483 1606 ad
492 1567 648 1607 ceruicis
664 1567 895 1620 principium
906 1564 979 1622 (4)
1016 1563 1163 1607 Contra
1171 1577 1267 1606 vero
1284 1565 1402 1618 parie-
1424 1579 1476 1619 (4)
1488 1578 1557 1613 ibid.
1578 1589 1611 1613 ς..

93 1639 146 1670 tes
178 1639 375 1670 vterorum
393 1629 626 1684 reliquorum
646 1641 726 1670 non
759 1630 1048 1684 praegnantium
1066 1631 1167 1671 vltra
1185 1642 1270 1669 eam
1294 1640 1406 1669 men-

94 1693 213 1734 suram
235 1726 245 1744 ,
288 1694 335 1734 ad
371 1703 530 1747 quatuor
572 1703 613 1734 et
654 1694 821 1748 quinque
860 1694 974 1735 lineas
1014 1693 1119 1735 craffi
1152 1692 1284 1748 filere3
1320 1692 1406 1731 imo

100 1755 262 1797 discissus
313 1767 440 1796 vterus
478 1757 629 1798 vetulae
648 1789 659 1809 ,
701 1770 797 1811 quae
840 1759 975 1799 ouario
1015 1757 1253 1801 laborauerat
1278 1788 1289 1808 ‚
1341 1754 1406 1795 etsi

98 1830 247 1873 praeter
262 1820 451 1859 ceruicem
483 1820 567 1873 plus
599 1820 696 1860 iusto
730 1821 951 1875 elongatam
982 1821 1079 1862 nihil
1110 1834 1132 1862 a
1172 1829 1304 1860 natura
1343 1818 1405 1860 ab·

103 1882 256 1923 erraffet
274 1915 284 1934 ,
318 1882 473 1936 duplam
506 1892 634 1923 tamen
668 1884 903 1925 latitudinem
935 1887 1122 1941 parietum
1156 1884 1254 1925 vteri
1295 1894 1405 1936 prae-

101 1947 249 1999 gnantis
264 1946 497 1987 exhibuerat.
561 1946 610 1987 In
628 1947 688 1987 his
717 1958 845 1988 autern
865 1949 1101 1990 confistentia
1124 1948 1312 2003 parietum
1339 1946 1406 1986 tri-

100 2010 194 2063 plex
227 2009 292 2048 est.
355 2009 413 2050 Ea
444 2011 545 2051 enim
579 2023 663 2064 pars
681 2044 691 2063 ,
725 2024 820 2065 quae
853 2015 1034 2066 proxima
1071 2013 1220 2053 tunicae
1260 2011 1405 2064 perito-

101 2074 163 2113 nei
181 2073 233 2113 est
251 2105 262 2125 ‚
294 2073 348 2115 est
363 2075 564 2127 compadhi
595 2085 633 2115 et
650 2076 938 2128 quodammodo
976 2075 1189 2119 musculosa.
1240 2073 1287 2115 In
1321 2086 1402 2119 me-

663 2138 700 2179 V
735 2151 762 2178 v
799 2153 823 2179 2
1333 2144 1399 2186 djo
