1820 2506
405 204 497 246 μο
736 177 999 235 HISTORIA
1035 186 1396 239 ANAToMrcA

403 324 477 356 mo
493 344 506 364 ,
545 309 636 365 quid
674 308 775 351 mihi
815 310 856 352 in
897 308 956 350 his
988 307 1159 350 subieffis
1191 310 1407 362 apparuerit
1422 341 1435 363 ‚
1465 318 1551 353 tum
1583 322 1682 353 vero
1694 343 1711 366 ‚,

402 377 494 432 quid
526 374 626 415 mihi
657 374 802 415 exinde
833 373 937 428 sequi
968 372 1143 413 videatur
1160 404 1171 424 ‚
1213 372 1429 425 adiungam.

555 437 608 479 In
642 438 819 478 omnibus
850 446 1010 491 quatuor
1043 437 1167 490 pueris
1199 437 1415 489 propendet
1447 436 1488 477 in
1518 438 1627 491 pubis
1651 451 1713 480 re·

403 502 521 556 gione
550 501 680 543 media
710 501 931 542 membrum
981 500 1134 554 aliquod
1180 500 1386 540 solitarium
1414 532 1425 552 ‚
1474 499 1551 540 iere
1590 502 1712 552 cylin-

409 566 562 608 dricum
581 598 592 618 ,
628 577 709 605 non
728 565 841 618 plane
858 565 1019 617 redium,
1049 563 1109 604 sed
1131 564 1253 618 aliqua
1286 576 1338 603 ex
1364 573 1472 617 parte
1496 576 1711 619 recuruum,

404 628 630 682 subdurum,
662 629 765 682 quod
799 628 862 669 vel
895 629 983 682 peni
1018 628 1186 669 masculo
1218 626 1283 668 vel
1300 627 1463 668 clitoridi
1481 627 1713 670 {bemininae

401 693 692 749 quodammodo
710 725 721 746 ,
756 692 878 733 neutri
913 691 1081 746 perfecie
1098 724 1109 744 ,
1143 691 1332 733 affimliari
1371 691 1510 745 potest.
1581 692 1714 747 Quan-

401 765 485 798 tum
505 757 605 798 tastu
638 756 841 797 diiudicare
874 756 963 796 licet
980 788 991 808 ,
1026 756 1146 796 vnico
1178 764 1326 796 tantum
1346 763 1512 809 corpore
1536 756 1682 796 constat
1699 788 1713 809 ,

399 822 505 876 quod
535 819 783 862 cauernosum
818 820 944 860 dicere
975 819 1091 859 licet:
1125 832 1218 860 nam
1258 819 1475 860 membrum
1495 852 1507 872 ,
1547 820 1717 860 testanti-

400 883 470 926 bus
500 886 626 939 pueris
641 917 653 938 ‚
687 883 751 924 sub
781 883 989 924 diluculum
1008 882 1234 937 plerumque
1249 882 1412 935 rigidum
1431 883 1575 936 euadit,
1609 883 1716 937 quod

400 955 442 989 et
469 947 611 991 accidit
628 979 640 1000 ,
674 947 770 987 dum
801 946 895 986 illud
927 947 1068 986 diutius
1098 958 1215 987 manu
1247 946 1392 999 palpes.
1428 946 1476 987 In
1495 948 1604 1000 apice
1628 960 1716 989 cor·

401 1023 500 1067 pore
533 1009 736 1069 spongioso
767 1009 978 1050 rubicundo
997 1042 1008 1062 ‚
1042 1018 1087 1050 vt
1116 1009 1222 1063 glans
1256 1007 1334 1049 esse
1365 1009 1460 1050 solet
1476 1043 1487 1062 ,
1528 1012 1712 1054 munitur.

400 1074 571 1116 Vrethra
604 1083 732 1114 autem
752 1105 762 1124 ,
793 1073 888 1113 dum
921 1084 975 1112 ex
1008 1082 1203 1113 curuatura
1233 1072 1370 1114 offium
1409 1073 1519 1128 pubis
1560 1083 1712 1114 extror-

397 1138 480 1180 sum
510 1135 699 1190 assurgere
729 1135 888 1176 debebat
906 1167 918 1188 ,
951 1147 1033 1175 non
1064 1144 1146 1175 tota
1176 1148 1268 1176 cum
1299 1147 1464 1189 corpore
1505 1136 1715 1178 cauernoso

399 1202 584 1245 adunatur
601 1233 612 1253 ‚
645 1199 707 1240 sed
740 1199 779 1239 in
813 1199 942 1239 media
974 1198 1038 1239 via
1056 1231 1068 1251 ,
1101 1198 1202 1253 quasi
1231 1207 1402 1238 truncata
1419 1198 1586 1253 fistitur3
1622 1199 1715 1242 hinc

401 1264 596 1306 orificium
627 1263 738 1305 huius
752 1271 903 1305 meatus
932 1272 984 1301 eo
1016 1261 1122 1313 loco,
1155 1274 1233 1316 quo
1257 1261 1436 1303 foeminis
1467 1260 1545 1303 effe
1585 1262 1685 1304 solet
1699 1295 1715 1316 ‚

401 1328 648 1385 conspicirur.
681 1325 841 1369 Limbus
868 1324 1006 1366 orificii
1033 1326 1086 1367 ob
1106 1325 1287 1367 vrethrae
1305 1323 1521 1380 spongiosas
1545 1318 1717 1380 reliquias

399 1405 472 1448 per
489 1402 618 1434 cutem
650 1399 823 1432 teneram
841 1398 1115 1444 transparentec
1138 1389 1379 1430 liuidiusculo
1395 1389 1528 1430 colore
1560 1390 1714 1443 gaudet.

402 1455 581 1500 Meatum
612 1464 742 1496 autem
773 1454 983 1494 vrinarium
1015 1465 1144 1494 reuera
1161 1462 1342 1507 tanquam
1360 1453 1626 1494 detruncatum
1645 1453 1715 1496 ha-

400 1519 483 1562 beri
514 1520 652 1560 debere
670 1551 680 1570 ,
713 1519 831 1558 docet
861 1517 981 1557 sulcus
1011 1517 1146 1571 aliquis
1177 1516 1447 1571 superficiarius
1463 1550 1475 1570 ‚
1506 1516 1716 1570 longitudi-

399 1583 493 1625 nalis
511 1616 522 1635 ‚
555 1595 605 1623 eo
639 1581 734 1622 loco
751 1613 763 1633 ‚
797 1592 876 1634 quo
910 1579 1063 1620 vrethra
1081 1580 1144 1620 sub
1159 1579 1384 1633 corporibus
1400 1579 1608 1621 cauernofis
1626 1579 1714 1621 situs

401 1644 481 1687 esse
497 1646 606 1698 solet,
640 1645 849 1698 insculptus
867 1676 879 1696 ‚
911 1643 960 1684 ab
990 1643 1074 1698 ipso
1105 1643 1174 1684 illo
1206 1642 1361 1685 orificio
1391 1643 1439 1684 ad
1471 1643 1616 1697 glandis
1632 1643 1716 1697 api-

401 1722 489 1752 cem
522 1722 642 1764 vsque
674 1708 935 1763 prolongatus.
1001 1708 1078 1749 Hic
1126 1707 1246 1748 sulcus
1284 1707 1450 1762 speciem
1492 1706 1715 1748 dimidiatae

400 1775 570 1816 cauitatis
602 1772 783 1815 vrethrae
816 1771 929 1826 plane
960 1784 1052 1826 prae
1072 1770 1107 1811 se
1124 1772 1206 1824 fert,
1237 1779 1378 1825 vtpote
1395 1769 1539 1810 lacunis
1556 1771 1716 1811 consue-

392 1839 450 1880 -tis
469 1871 480 1889 ‚
512 1839 596 1880 imo
628 1845 667 1878 et
696 1836 856 1878 minutis
888 1830 1115 1889 corpusculis
1131 1834 1372 1889 glandulosis,
1403 1833 1558 1875 scatens.
1593 1832 1715 1876 Glans

395 1902 480 1958 ipsa
511 1901 657 1943 inferne
687 1901 729 1941 in
761 1899 891 1941 medio
923 1898 1048 1941 hiulca
1079 1900 1133 1940 est
1166 1911 1241 1954 pro
1271 1897 1362 1939 sulci
1393 1898 1683 1939 continuatione
1699 1930 1714 1952 ,

402 1975 444 2006 et
475 1977 620 2007 corona
654 1965 702 2006 ad
733 1964 848 2005 latera
889 1962 978 2004 sulci
1018 1963 1176 2018 paulum
1216 1961 1437 2017 protuberat
1454 1993 1466 2013 ‚
1508 1970 1555 2002 vt
1594 1961 1714 2004 sulcus

396 2029 503 2085 >quafi
535 2031 575 2069 in
609 2028 890 2071 fiemiaeanalem
925 2036 1168 2069 conuertatur
1183 2059 1194 2080 ‚
1228 2025 1333 2080 quod
1366 2025 1558 2080 imprimis
1587 2026 1629 2066 in
1646 2024 1716 2066 Io·

401 2090 531 2137 hanne
561 2094 713 2149 optime
744 2101 863 2147 patet.
930 2091 1158 2134 Membrum
1190 2090 1410 2148 peniforme
1439 2090 1480 2132 in
1506 2088 1620 2131 dorso
1638 2098 1712 2157 'te-

1609 2160 1711 2206 gitur
