1820 2506
376 187 466 256 ‘264
753 200 758 205 ·
847 203 1233 249 DISSERTATIO
1256 240 1260 243 .

394 322 397 327 '
453 324 464 376 J
520 322 554 371 §—
573 333 651 373 43.
688 322 756 364 Ex
788 321 866 364 hoc
898 323 1174 377 experimento
1223 320 1330 377 patet
1370 324 1417 382 1)
1458 339 1585 368 aerem
1618 340 1692 383 pet⁴

372 386 491 442 p‘oros
530 390 648 440 aquae
689 385 973 428 disseminatum
1017 398 1098 427 non
1135 385 1258 428 solum
1280 387 1346 428 aad
1376 390 1605 442 solutionem
1636 393 1684 432 sa-

371 450 468 490 lium
514 443 622 491 'nihil
670 452 843 492 conferre
860 483 872 502 ,
916 463 1052 491 verum
1095 451 1222 491 eidem
1268 449 1347 491 effe
1393 453 1685 506 impedimento.

371 513 588 584 Quomodo
635 524 761 555 autem
801 514 1082 567 impedimento
1100 542 1101 545 η
1122 512 1200 555 effe
1241 514 1355 568 possit
1395 516 1428 565 §.
1451 526 1525 566 47.
1561 530 1687 573 expo-

371 578 496 619 nimus
528 586 568 617 et
601 577 678 617 hoc
709 576 792 631 ipso
825 577 992 618 nostram
1010 577 1199 619 theoriam
1224 578 1513 621 confirmamus·
1506 580 1591 636 ,·2)
1621 595 1690 621 ne-

371 640 529 681 ceffario
575 629 748 697 sequitur
778 641 979 695 particulas
1026 640 1157 683 salium
1191 642 1349 697 separari
1389 644 1541 685 afflone
1577 646 1690 699 parti-

370 704 540 746 cularum
571 705 683 759 ipfius
715 717 844 759 aquae

511 794 544 841 §.
568 806 640 844 44.
694 793 861 850 Quando
912 807 1077 848 corpora
1125 795 1239 836 solida
1278 795 1418 850 liquida
1452 786 1689 848 redduntur,

372 857 581 912 particulae
614 870 750 899 eorum
784 858 1000 899 excitantur
1033 859 1073 899 in
1114 868 1268 901 motum
1309 859 1546 912 gyratorium
1587 857 1692 900 cele-‘

370 933 528 962 norem.
580 921 745 977 Quando
763 922 877 975 igitur
911 921 959 962 sal
1002 911 1042 962 i'n
1071 936 1179 977 aqua
1215 921 1414 976 liquescit,
1446 932 1577 963 motus
1618 935 1690 977 gy-

370 979 530 1024 ratorius
548 982 816 1038 particularum
835 986 911 1026 eius
929 986 1179 1027 accedet-atur.
1215 983 1398 1027 Ceterum
1424 987 1616 1040 'quoniam-
1638 986 1690 1026 fir-

371 1041 425 1088 les
450 1048 646 1089 soluuntur
664 1049 814 1089 actione
833 1050 1107 1102 particularum
1125 1049 1236 1103 ipsius
1252 1062 1370 1120 aquae
1390 1047 1440 1104 (§.
1470 1061 1544 1100 43
1551 1049 1563 1104 )
1597 1062 1688 1090 con-

369 1103 567 1164 sequenter
599 1111 807 1164 particulae
840 1125 958 1165 aquae
989 1122 1170 1166 tanquam
1210 1114 1386 1165 corporis
1426 1113 1556 1168 liquidi
1591 1113 1689 1153 cele·

368 1174 472 1213 riore
512 1182 619 1215 motu
655 1174 852 1226 gyratorio
886 1183 1032 1215 rotatae
1065 1183 1103 1215 et
1134 1175 1329 1228 particulis
1359 1174 1440 1214 salis
1472 1187 1589 1228 aquae
1620 1174 1692 1216 im

369 1231 481 1278 mersi
499 1237 695 1289 admoth
748 1249 827 1289 emis
867 1238 1065 1292 simulque
1098 1237 1362 1291 homogeneas
1393 1237 1460 1278 fibi
1492 1230 1694 1292 particula&

369 1313 502 1355 aqueas
542 1302 778 1342 mixtionem
820 1300 898 1341 stlis
946 1302 1215 1342 constituentes
1254 1301 1417 1353 radunt,
1460 1311 1498 1341 et
1538 1297 1694 1343 motum

369 1377 498 1406 earum
548 1365 782 1417 gyratorium
830 1365 1049 1406 accelerant.
1116 1366 1208 1421 Quo
1258 1365 1358 1406 (Iusto
1398 1366 1603 1418 particulae
1643 1366 1696 1406 sa-

368 1427 413 1469 lis
453 1441 475 1468 a
507 1428 649 1482 reliqua
682 1426 798 1469 massa
831 1428 1046 1482 separantur
1064 1462 1074 1481 ‚
1109 1439 1147 1469 et
1180 1429 1306 1482 aqueis
1339 1429 1528 1482 particulis
1559 1428 1686 1469 adhae·

368 1500 494 1532 rentes
526 1502 637 1533 motu
670 1491 904 1545 progreffiuo
943 1506 1030 1534 curn
1071 1492 1142 1533 illis
1187 1493 1366 1533 incedunt
1396 1501 1437 1533 et
1468 1505 1540 1547 per
1570 1492 1692 1547 ipsum

370 1555 605 1597 menstruum
639 1554 902 1595 distrahuntur.

521 1658 555 1706 ξ.
578 1660 651 1708 46.
688 1655 853 1712 Quando
896 1654 1047 1708 aliquod
1089 1667 1229 1708 corpus
1262 1654 1410 1695 alterius
1442 1662 1596 1695 motum
1630 1663 1687 1692 ac-

372 1721 515 1763 celerat
533 1755 544 1775 ,
579 1721 705 1761 eidem
741 1729 892 1773 partem
933 1718 985 1758 sui
1017 1729 1144 1759 motus
1187 1719 1449 1759 communicat
1469 1750 1479 1770 ,
1513 1728 1692 1756 commu-

371 1786 498 1826 nicare
548 1794 675 1826 autem
717 1793 867 1838 partem
906 1795 986 1823 non
1029 1782 1153 1836 potest
1171 1815 1182 1835 ,
1224 1783 1317 1835 quin
1357 1782 1410 1821 illi
1443 1781 1576 1821 eadem
1609 1791 1693 1832 pars

370 1848 542 1890 decedat.
610 1848 875 1905 Quamobrem
927 1845 1133 1900 particulae
1172 1858 1288 1899 aquae
1328 1844 1571 1885 accelerando
1607 1855 1690 1883 mo-

369 1923 455 1954 tum
489 1915 724 1967 gyratorium
759 1909 1025 1965 particularum
1059 1909 1137 1949 fiilis
1155 1941 1165 1961 ‚
1200 1919 1349 1962 partem
1381 1908 1433 1948 sui
1465 1916 1595 1948 motus
1620 1919 1694 1959 gy-

370 1978 497 2018 raiorii
538 1978 754 2017 ammitunt.
801 1975 879 2031 Qui
912 1974 1094 2028 quoniam
1127 1972 1259 2012 caloris
1291 1973 1394 2013 causa
1426 1970 1581 2022 existit,
1617 1970 1689 2010 mi-

371 2052 456 2081 rum
496 2042 609 2094 igitur
650 2053 730 2081 non
764 2040 817 2079 est
835 2072 845 2091 ‚
881 2050 1016 2092 aquam
1059 2036 1180 2077 soluto
1213 2035 1285 2076 fale
1317 2036 1535 2090 refrigerari.

1538 2120 1573 2169 ξ·
1611 2129 1684 2171 47-
