1820 2506
713 146 746 204 )(
781 158 833 197 2⁵
874 146 904 204 )(

149 276 259 321 quam
279 297 290 317 ‚
324 263 420 320 quod
434 259 658 304 orthodoxae
689 260 916 304 Graecorum
933 261 1136 319 conseffloni
1156 263 1212 318 stt
1229 266 1464 308 contrarium.

149 329 353 372 Praeterea
374 325 554 383 sacerdos
586 325 720 382 aliquis
751 326 920 368 doetrina
953 327 1077 369 clarus
1095 360 1106 379 ,
1138 340 1185 368 ex
1218 341 1363 370 numero
1387 330 1466 372 hie-

150 392 454 435 romonachormn
493 392 714 449 irfiruendus
755 392 802 449 est
848 390 991 449 publico
1029 390 1259 435 Academiae
1285 391 1435 448 salario
1454 429 1465 449 ,

147 461 209 514 qui
228 460 270 515 s
255 457 381 512 iugulis
414 456 571 499 Saturni
602 457 727 498 diebus
758 459 795 499 in
828 457 1007 499 auditorio
1044 469 1176 511 magno
1216 457 1391 499 elementa
1407 460 1464 510 fi-

149 524 208 565 dei
241 523 376 564 tradat
408 525 444 563 in
478 520 751 581 catechcfibus,
771 521 953 579 stmulque
989 530 1140 578 operam
1174 523 1264 575 det,
1295 530 1340 568 vt
1374 524 1467 565 diui-

146 596 218 628 nae
249 586 342 640 leges
374 592 410 626 et
428 578 641 641 sanHorum
673 584 795 644 eccles
797 600 843 628 ae
868 594 1020 644 patrum
1050 587 1199 630 tradita
1230 587 1281 630 ab
1306 588 1468 630 omnibus

147 648 215 706 obs
207 664 237 693 e7
239 658 385 691 uentur.
577 662 590 669 -

765 727 840 766 Η..

262 783 483 843 Proseffores
514 792 549 827 et
575 789 870 843 praeceptores,
905 799 972 830 nec
1006 800 1075 830 non
1097 789 1245 847 studiosi
1285 796 1322 832 et
1363 789 1403 831 d
1391 786 1465 845 sci

145 850 251 909 puli
272 852 331 909 s
299 865 355 893 ue
373 849 488 907 suis⁷
510 852 550 908 s
537 864 593 892 ue
626 853 847 895 academicis
853 848 1032 907 fitmtzbus
1066 855 1104 896 in
1123 856 1160 894 V
1165 857 1295 910 muers
1280 862 1370 896 tate
1388 856 1471 911 stu

146 917 287 969 deant,
322 916 457 971 legibus
492 918 743 972 obtemperare
775 918 902 959 debent
934 930 1069 960 omnes.
1142 919 1224 962 Eas
1260 927 1382 960 autem
1417 918 1469 960 le

137 994 209 1037 ges
241 982 365 1023 condet
399 980 553 1035 Praeyes
587 982 641 1023 ad
671 981 870 1038 exemplum
887 981 1047 1024 aliarum
1068 1017 1078 1036 ‚
1109 995 1205 1039 quae
1225 980 1370 1039 suntin
1391 985 1469 1024 Eu-

147 1054 242 1101 ropa
277 1047 562 1103 Vniuerfitatum
582 1080 591 1100 ‚
610 1047 821 1103 statuetque
843 1080 854 1100 ,
887 1059 955 1102 quo
984 1054 1140 1103 tempore
1172 1056 1208 1090 et
1242 1050 1369 1104 quibus
1396 1060 1469 1090 mo-

145 1112 203 1152 dis
238 1113 334 1153 ratio
367 1112 516 1153 docendi
548 1118 584 1152 et
616 1108 771 1166 discendi
805 1112 1018 1168 instituenda
1039 1114 1107 1169 stt.

146 1200 431 1240 DISC11>LNAE
445 1229 456 1248 ‚
483 1202 700 1246 QVARVM
726 1203 946 1240 SCIENTIA
973 1202 1316 1242 INSTRVVNTVR.
1333 1203 1470 1242 TIRO-

524 1253 610 1289 NES
637 1253 684 1291 IN
720 1253 1086 1291 VNIVERSITATE.

757 1351 833 1391 45-

269 1424 307 1452 1.
340 1409 516 1468 Irssitutio
554 1408 658 1454 latini
687 1405 868 1466 sermonis
889 1445 899 1465 ‚
940 1421 1036 1468 quae
1074 1413 1217 1468 quidem
1234 1413 1335 1467 fieri
1367 1413 1471 1456 debet

146 1475 266 1530 lingua
292 1477 428 1527 ruffica
448 1493 454 1517 :
474 1475 639 1531 gallicae
665 1482 700 1516 et
718 1479 920 1519 teutonicae
951 1477 1094 1531 linguae
1109 1477 1176 1533 adu
1210 1480 1247 1520 in
1279 1479 1472 1522 tradendis

145 1540 288 1595 linguae
304 1541 444 1582 latinae
472 1543 682 1597 praeceptis
707 1542 820 1597 plane
837 1543 1081 1585 interdicitur.

265 1618 306 1645 2.
341 1606 469 1660 Poesss.

264 1681 307 1718 3.
341 1670 489 1724 Lingua
511 1681 673 1724 graeca.

265 1748 308 1785 4.
344 1735 475 1778 Latini
481 1731 662 1789 sermonis
680 1732 884 1790 elegantiae
905 1742 941 1778 et
945 1735 1196 1795 fundamenta
1196 1735 1279 1793 stili
1297 1734 1470 1782 cultioris.

267 1810 308 1848 5.
343 1798 609 1841 Arithnzetica.

263 1867 292 1902 6
299 1896 307 1904 .
342 1863 424 1905 Ars
457 1864 676 1906 delineandi.

267 1937 310 1977 7.
345 1928 557 1970 Geometria
601 1934 638 1969 et
670 1927 770 1969 aliae
823 1927 879 1970 M
881 1926 1042 1985 atheseos
1068 1937 1215 1987 partes.

275 1999 314 2035 8.
350 1992 606 2050 Geographia‚
626 1992 808 2049 Historia,
836 1992 1061 2052 Geneahgia
1092 2002 1128 2038 et
1154 1994 1236 2040 Ars
1256 1993 1469 2040 heraldica.

269 2067 315 2116 9,
354 2057 492 2112 Logica
524 2065 560 2100 et
592 2054 869 2113 Metaphjfica.

778 2122 806 2164 d
1393 2137 1465 2166 10.
