1820 2506
383 193 475 236 492
626 182 986 229 OBSERVATIO
1028 183 1272 228 ECLIPSIS
1306 186 1549 234 SOLARIS

508 314 576 350 13.
610 301 801 355 Appulsus
834 301 940 342 limbi
958 301 1118 342 Lunaris
1150 303 1198 342 ad
1228 303 1420 357 sequentes
1455 307 1618 347 maculas
1634 305 1704 348 du-

385 377 493 405 rante
546 365 677 419 eclipsi
721 366 914 405 obseruaui
947 379 1015 419 per
1060 366 1194 406 tubum
1248 368 1454 408 machinae
1495 370 1705 422 parallaffi-

385 440 453 469 cae
470 460 481 479 ,
516 429 632 469 alium
668 430 772 469 enim
807 428 985 469 adhibere
1018 427 1249 470 diffundebat
1284 432 1448 472 attentio
1491 434 1538 474 ad
1580 434 1701 476 obser-

389 492 566 532 vationes
600 493 825 547 principales
857 492 1040 563 haetenps
1089 504 1340 536 enumeratas.

388 556 425 595 d.
466 566 539 604 25.
575 555 661 596 Iulii

389 627 515 673 temp.
547 631 645 660 vero
1027 632 1115 663 ante
1145 623 1350 664 meridiem

394 677 481 723 mh.
507 679 594 723 20².
620 679 713 736 34²l
722 717 730 724 .
752 684 934 727 Medium
952 687 1123 727 maculae
1141 688 1164 730 k
1181 689 1319 742 tegitur
1336 700 1359 728 a
1373 686 1498 728 limbo
1518 686 1564 739 Σ
1577 689 1705 730 orien-

395 758 465 785 11.
538 757 576 796 ς.
617 760 672 787 22
742 776 757 782 --
825 773 842 782 α
911 774 922 782 -
986 777 1001 784 -
1066 773 1084 782 -
1135 752 1160 793 b
1223 773 1569 784 -----
1620 751 1705 808 (tali

397 822 465 850 11.
507 824 574 851 11.
614 824 669 851 22
739 836 1080 847 -----
1141 815 1170 857 d
1231 839 1249 847 -
1315 838 1332 846 -
1395 814 1704 857 seddubiussum

1258 878 1308 919 de
1339 879 1505 919 nomine
1534 880 1705 921 maculae

881 942 969 995 post
1003 943 1206 982 meridiem

423 1012 465 1042 0„
506 1015 577 1042 21.
651 1013 671 1052 ς
693 1003 757 1044 vel
781 1001 887 1045 xoss.
951 1005 1105 1047 Macula
1137 1005 1163 1045 b
1201 1014 1284 1045 tota
1324 1007 1490 1059 emergit
1528 1006 1575 1047 ad
1615 1005 1706 1046 lim-

1301 1068 1395 1107 bum
1430 1069 1478 1117 D
1514 1070 1705 1121 occident,

431 1131 677 1178 0.24.16
973 1147 989 1156 =
1053 1151 1071 1158 -
1135 1140 1157 1168 c
1235 1137 1318 1168 tota
1379 1152 1398 1160 -
1465 1159 1469 1163 ,
1544 1154 1562 1161 -
1626 1155 1643 1162 -

425 1204 466 1231 0.
507 1204 578 1241 24.
621 1203 692 1241 51.
731 1190 910 1232 Medium
927 1191 1098 1232 maculae
1109 1204 1145 1243 y
1187 1192 1321 1244 prodit
1385 1213 1403 1222 -
1465 1218 1481 1225 -

426 1266 469 1294 ο.
506 1260 579 1305 46.
650 1269 670 1294 1
709 1254 865 1296 Macula
902 1265 985 1295 tota
1100 1268 1137 1296 m
1172 1255 1211 1294 in
1245 1256 1497 1310 conspectum
1529 1257 1639 1297 venit

512 1331 585 1369 14.
621 1320 823 1373 Tempore
858 1319 1131 1360 obseruationis
1163 1320 1361 1360 maximae
1394 1321 1494 1361 circa
1527 1333 1612 1361 eam
1644 1333 1707 1361 re-

393 1382 549 1434 gionem
585 1384 763 1437 marginis
795 1382 957 1424 Lunaris
973 1415 985 1433 ,
1020 1383 1086 1436 qui
1117 1391 1227 1422 extra
1244 1380 1346 1423 Solis
1374 1384 1518 1424 discum
1537 1384 1705 1437 extabat,

393 1454 431 1485 et
464 1459 608 1488 cornua
640 1448 680 1487 in
713 1447 931 1501 peripheria
963 1445 1062 1489 Solis
1093 1445 1327 1499 definiebat,
1359 1460 1432 1488 nec
1482 1447 1601 1488 ullum
1645 1448 1704 1488 lu-

394 1521 510 1561 men,
545 1524 615 1551 nec
647 1512 831 1551 annulum
865 1511 1036 1551 lucidum
1055 1543 1068 1562 ‚
1101 1510 1313 1551 cuiusmodi
1348 1523 1400 1551 ex
1442 1509 1707 1564 atmosphaera

394 1571 525 1613 Lunae
558 1574 621 1614 vel
652 1575 865 1613 inflexione
898 1574 1091 1613 radiorum
1123 1570 1316 1615 Solarium
1349 1574 1396 1615 ad
1424 1574 1534 1614 istum
1572 1574 1704 1615 Lunae

391 1637 606 1688 marginem
639 1638 844 1677 oriundum
876 1636 965 1676 alias
994 1635 1163 1689 suspicari
1183 1636 1347 1690 licebat,
1382 1650 1453 1691 per
1471 1637 1607 1677 tubum
1623 1650 1705 1677 ma-

391 1697 528 1739 chinae
568 1700 833 1754 parallacsticae
874 1700 1174 1739 animaduertere
1212 1702 1354 1752 potui3
1396 1713 1535 1740 cornua
1579 1701 1704 1752 potius

392 1764 545 1816 optime
578 1765 778 1805 terminata
812 1771 1078 1817 apparuerunt.
1147 1761 1235 1803 Nec
1268 1763 1306 1801 in
1341 1762 1418 1802 fine
1435 1761 1578 1815 eclipsis
1595 1761 1706 1803 Luna

394 1828 549 1880 penitus
582 1841 604 1868 e
636 1828 739 1868 disco
757 1826 858 1868 Solis
891 1823 1034 1880 egreffa
1066 1826 1112 1865 ad
1131 1825 1343 1877 marginem
1378 1825 1504 1866 limbo
1520 1824 1622 1866 Solis
1638 1826 1702 1867 ad-

395 1889 470 1931 huc
501 1892 674 1932 maxime
710 1892 880 1932 vicinum
901 1924 911 1942 ,
947 1890 1131 1930 eiusmodi
1162 1889 1295 1929 lumen
1320 1889 1537 1929 ostendebat
1555 1902 1625 1943 per
1643 1898 1717 1933 tu-,

395 1953 487 1994 bum
522 1954 825 2009 Gregorianum⁷
858 1955 950 1994 licet
982 1964 1085 1994 totus
1113 1952 1190 1993 fere
1206 1951 1277 1993 Sol
1310 1962 1417 1993 extra
1443 1965 1628 2006 campum
1645 1964 1702 1994 re-

393 2020 683 2069 presentationis
713 2020 791 2059 tubi
825 2028 1058 2072 poneretur,
1093 2028 1137 2057 vt
1155 2016 1340 2057 eiusmodi
1358 2016 1510 2067 lumen,
1542 2017 1700 2070 'siquod-

395 2079 574 2133 daretur,
611 2082 779 2123 sensibile
821 2082 925 2124 effici
973 2080 1115 2134 poffct.
1189 2080 1391 2133 Tempore
1432 2080 1699 2120 obscurationis

1621 2156 1705 2183 ma·
