1820 2506
392 189 484 228 324
684 208 685 211 ,
705 175 986 220 HISTORIA
1021 172 1384 222 ANATOMICA

388 297 605 337 mationem
642 302 892 339 externarum
925 298 1095 350 partium
1129 296 1357 349 genitalium
1389 295 1699 354 masculinamm;

388 361 575 400 videlicet
592 389 612 411 ‚.
635 362 856 402 membrum
891 361 1103 414 pendulum
1123 392 1134 412 ,
1176 361 1377 400 incuruum
1411 359 1485 400 effe
1528 374 1670 416 penem
1692 395 1705 415 ,

388 422 532 463 sulcum
566 421 643 462 effe
674 426 876 466 vrethram
909 423 1035 465 fiffam
1055 456 1065 476 ‚
1101 424 1263 464 bui-sulas
1295 422 1371 464 effe
1406 423 1573 466 scrotum
1604 426 1704 465 diui-

387 486 470 527 sum
502 496 540 527 et
573 488 863 530 translocatum.
910 491 976 529 An
1010 497 1133 543 partes
1165 489 1349 541 genitales
1385 487 1555 528 internae
1587 499 1706 530 etiam

387 551 624 593 deformatae
655 551 763 593 sint?
796 552 949 594 definiri
993 562 1100 594 certo
1142 552 1285 606 nequit.
1361 551 1409 592 In
1442 552 1633 592 Terentio
1668 561 1707 594 et

388 613 568 658 Iohanne
601 616 858 669 suspicandum
891 618 945 659 est
967 648 978 668 ,
1013 617 1208 658 testiculos
1251 616 1395 670 aliquid
1437 614 1564 670 passos
1613 613 1704 656 effe.

387 679 603 720 Abrahami
639 690 767 722 autem
802 682 1018 723 testiculum
1038 714 1049 733 ,
1084 679 1218 720 saltem
1253 682 1433 722 dextrum
1453 713 1464 732 ,
1500 680 1546 720 ad
1577 679 1709 720 elabo-

383 744 548 784 randum
581 742 710 785 semen
752 755 889 800 aptum
919 747 1001 787 fore
1017 778 1028 798 ‚
1063 745 1241 786 maxime
1275 745 1478 799 probabile
1509 743 1675 784 videtur.

533 809 644 851 Haec
661 809 780 850 altera
796 810 974 864 indagine
989 809 1224 861 enucleauit,
1243 818 1356 862 atque
1370 808 1591 847 sententiam
1609 807 1707 849 hisce

382 873 565 926 exposuit
575 872 655 913 Ille
674 873 775 914 mihi
785 886 882 914 vero
898 874 970 914 hos
988 873 1170 914 homines
1187 872 1229 911 in
1246 872 1415 927 patriam
1434 869 1709 922 remiffos‚nec

386 937 538 989 videre,
555 948 629 977 nec
647 938 889 989 examinare,
908 937 1097 990 coritigit3
1117 948 1270 990 rogatus
1289 937 1443 976 interim
1463 935 1709 989 sententiam,

384 999 436 1040 de
469 1001 580 1052 sexu,
614 1001 708 1041 dum
740 1014 975 1055 magnorum
1008 1000 1199 1041 Virorum
1233 1002 1334 1040 inter
1367 1000 1404 1038 se
1445 999 1606 1040 confero
1639 999 1711 1039 ob-

386 1063 621 1106 seruationes
655 1064 756 1104 adeo
789 1066 1087 1116 consentientes,
1120 1073 1234 1117 atque
1253 1063 1416 1118 inspicio
1451 1063 1589 1117 figuras
1621 1075 1711 1103 cura

384 1124 475 1166 Cel.
512 1127 782 1167 Weitbrechti
815 1128 1006 1180 depictas,
1040 1139 1131 1180 quas
1163 1128 1213 1166 ad
1245 1128 1302 1166 rei
1335 1127 1544 1167 veritatem
1576 1126 1710 1167 elabo-

385 1200 485 1232 ratas
521 1189 696 1231 ¹affirmat
739 1188 996 1232 Doc'tiffunus
1043 1189 1294 1232 Kleinfeldius
1319 1223 1330 1243 ,
1372 1200 1458 1230 tum
1501 1189 1591 1242 illi,
1626 1190 1709 1231 iam

387 1255 505 1309 mihi,
537 1256 580 1295 in
613 1254 831 1295 Academia
872 1255 1087 1296 Adiunctus
1105 1288 1117 1306 ,
1150 1263 1262 1308 atque
1294 1255 1430 1295 anxius
1448 1253 1606 1306 haereo,
1625 1263 1710 1295 tan-

386 1328 469 1360 tam
502 1317 604 1359 inter
637 1328 765 1359 tantos
788 1319 909 1359 Viros
940 1330 1184 1373 componere
1220 1318 1334 1361 litem
1352 1351 1363 1371 ‚
1404 1319 1497 1359 licet
1529 1317 1711 1372 pleraque

385 1396 462 1438 pro
494 1384 600 1425 virili
633 1384 727 1424 sexu
759 1394 976 1438 pugnarent
1009 1391 1247 1437 argumenta,
1283 1382 1391 1424 ecce!
1422 1382 1534 1425 bono·
1545 1383 1707 1436 quidem

386 1446 582 1489 fortunato
619 1447 788 1488 adfertur
820 1449 904 1488 ouis
936 1448 985 1489 ad
1017 1448 1282 1489 Academiam
1315 1446 1467 1487 habitus
1497 1458 1572 1500 pro
1606 1447 1706 1488 Her-

388 1511 668 1565 maphrodito—
716 1511 769 1551 ob
825 1513 999 1564 partium
1053 1512 1285 1564 genitalium
1342 1511 1674 1551 deformationem
1693 1542 1705 1563 ,

389 1588 506 1629 quam
546 1576 641 1615 dum
684 1575 874 1614 examino
894 1607 905 1625 ‚
949 1574 1069 1614 laetus
1109 1576 1230 1615 video
1250 1608 1261 1628 ,
1304 1572 1382 1613 effe
1424 1573 1630 1614 obseruatis
1662 1575 1703 1614 in

388 1638 616 1680 hominibus
660 1635 833 1678 Sibiricis
875 1638 1149 1679 simillimam:
1195 1638 1243 1679 fic
1294 1639 1479 1691 putabam
1498 1670 1509 1689 ,
1543 1639 1702 1679 nactum

387 1701 468 1744 effe
498 1703 745 1744 occasionem
778 1712 931 1743 memet
964 1702 1089 1756 ipsum
1124 1701 1331 1742 instruendi
1365 1703 1413 1743 de
1447 1702 1505 1741 rei
1524 1703 1704 1754 veritate,

391 1777 505 1822 atque
543 1779 601 1807 rex
643 1766 717 1808 hac
755 1770 878 1821 magis
917 1777 1005 1807 tuto
1046 1766 1300 1807 concludendi
1334 1767 1380 1805 ad
1413 1765 1488 1804 illa.
1557 1766 1707 1806 Alacris

390 1844 487 1885 ergo
527 1843 699 1872 examen
739 1830 926 1884 aggressus
944 1864 955 1883 ‚
998 1841 1200 1885 comperta
1234 1830 1274 1869 in
1315 1829 1385 1869 illo
1427 1828 1573 1882 refero,
1616 1831 1705 1871 data

387 1896 502 1939 simul
534 1896 706 1950 partium
747 1894 1050 1937 deformatarum
1091 1907 1184 1934 vera
1218 1893 1337 1946 figura
1357 1926 1367 1945 ,
1402 1903 1447 1933 vt
1482 1893 1579 1935 haec
1611 1907 1703 1936 cum

391 1959 648 2003 Sibiricorum
682 1970 907 2014 comparata
925 1993 936 2013 ,
969 1959 1138 2000 mnltum
1173 1958 1284 1998 tollat
1316 1958 1364 1997 de
1397 1958 1583 2011 scrupulo.

544 2024 644 2065 Ouis
672 2033 758 2064 erat
792 2024 938 2065 adultus
970 2024 1085 2064 iustae
1119 2021 1413 2074 magnitudinis,
1448 2022 1636 2063 cornubus
1653 2023 1700 2063 ad

393 2086 608 2146 posteriora
638 2088 903 2131 circumflexis
933 2095 1087 2130 ornatus
1105 2117 1117 2140 ‚
1151 2086 1357 2128 emaciatus
1376 2119 1387 2139 ,
1419 2095 1465 2127 vt
1493 2096 1591 2144 puto
1609 2120 1621 2139 ‚
1654 2086 1701 2126 ab

1598 2150 1700 2192 vlce=
