1820 2506
123 172 166 234 Α
183 186 464 234 PRINCIPIO
482 186 685 233 MOTVS
698 187 962 234 INTERNO
987 185 1216 236 PROPEL.
1247 191 1328 241 &a
1354 207 1373 233 1
1384 206 1406 233 2
1416 206 1434 234 1

119 309 306 350 bellatum
346 308 420 349 AF
463 308 589 350 friffio
627 311 734 351 vinci
774 311 930 364 poterit,
968 324 1046 366 quo
1088 310 1158 351 fiet
1199 319 1246 351 vt
1277 312 1382 351 nauis
1415 323 1437 352 a

120 373 270 426 fingulis
302 372 598 427 percuffionibus
630 374 788 428 penduli
820 374 1053 428 aliquantum
1071 374 1261 429 prorsum
1279 384 1436 428 protru-

119 437 230 477 datur
247 470 258 489 ,
301 450 396 492 quae
429 439 630 490 promotio
664 452 753 479 cum
796 452 817 479 a
850 439 991 480 viribus
1025 440 1220 480 contrariis
1254 451 1334 478 non
1368 438 1436 478 de-

119 501 309 553 struatur,
345 501 447 541 nauis
481 503 615 556 vtique
649 502 945 556 promouebitur
964 536 974 555 ,
1018 504 1082 556 qui
1122 502 1278 543 effeetus
1328 500 1438 543 nullo

118 566 241 604 modo
277 565 543 617 obtineretur,
578 566 605 606 fi
640 566 743 606 nulla
776 566 903 606 frid'tio
938 565 1101 610 adesset„
1160 566 1207 607 ln
1242 578 1320 620 quo
1353 577 1438 605 me-

117 628 305 670 morabile
346 628 574 682 paradoxon
614 628 886 669 mechanicum
929 632 1151 671 continetur
1167 663 1178 683 ,
1221 629 1325 684 quod
1357 628 1435 681 ipfa

115 691 244 732 stistio
276 701 407 731 motus
438 692 647 746 cuiuspiam
680 693 785 732 caufir
817 690 895 732 effe
929 705 1043 747 queat
1060 728 1071 747 ,
1104 695 1157 735 ita
1191 703 1236 734 vt
1253 693 1434 734 fruitione

116 755 254 797 sublata
287 755 406 795 nullus
437 755 553 808 plane
584 766 715 797 motus
750 756 978 811 sequeretur.

265 819 298 867 §.
325 829 394 868 27.
431 819 496 860 Eo
530 821 658 860 maior
688 821 804 873 igitur
837 820 927 861 hinc
947 821 1051 862 causa
1069 821 1266 862 dubitandi
1292 821 1435 862 subori-

115 891 177 923 tur
195 915 206 935 ,
240 892 374 923 vtrum
408 884 461 924 ob
494 897 612 937 aquae
644 884 888 927 resistentiam
923 886 1014 924 naui
1031 885 1077 924 ab
1094 885 1312 924 huiusmodi
1339 896 1437 937 pen-

112 946 193 987 duli
244 947 378 986 ictibus
437 947 565 987 nullus
606 956 736 988 motus
765 947 893 987 induci
926 956 1069 1001 queat,
1103 948 1252 987 etiamfi
1286 956 1438 987 certum

112 1010 186 1063 fit,
220 1011 249 1051 fi
283 1010 489 1051 resistentia
522 1009 694 1063 abeffet,
730 1010 798 1064 ipsi
832 1010 911 1050 hoc
945 1011 1067 1051 modo
1100 1011 1246 1052 nullum
1281 1019 1436 1052 motum

109 1074 281 1128 imprimi
322 1074 445 1128 posse.
510 1075 629 1132 Quod
661 1074 821 1115 dubium
856 1084 901 1114 vt
925 1075 1121 1125 tollamus,
1156 1075 1440 1115 confideremus

110 1150 248 1179 nauem
284 1139 497 1180 alternatim
539 1153 560 1179 a
600 1138 741 1178 duabus
781 1138 945 1191 viribus;
976 1146 1007 1193 p
1040 1148 1080 1177 et
1097 1139 1126 1178 P
1160 1138 1380 1190 sollicitari,
1415 1151 1437 1178 a

111 1215 271 1255 quarum
305 1203 422 1242 altera
450 1212 479 1258 p
513 1213 692 1256 tempore
710 1215 766 1242 :z
790 1208 806 1242 t
839 1215 994 1255 proram
1038 1202 1163 1242 versus
1183 1235 1193 1254 ,
1240 1202 1286 1242 ab
1319 1201 1437 1241 altera

108 1276 237 1306 autem
271 1265 300 1305 P
334 1276 513 1320 tempore
530 1280 586 1306 z
604 1267 643 1305 T
661 1264 827 1320 puppim
845 1265 970 1305 versus
993 1276 1192 1317 vrgeatur,
1219 1265 1291 1305 hae
1309 1275 1437 1306 autem

112 1330 213 1369 vires
243 1337 273 1385 p
307 1339 347 1369 et
380 1330 409 1370 P
443 1331 592 1370 ratione
632 1339 859 1383 temporum
900 1336 916 1369 t
950 1338 991 1369 et
1026 1329 1063 1368 T
1083 1330 1135 1369 ita
1168 1330 1239 1370 fint
1275 1342 1437 1382 compa·

112 1403 214 1435 ratae
239 1426 250 1445 ,
293 1402 338 1432 vt
379 1394 426 1435 fit
461 1394 661 1449 pt:PT
681 1426 692 1446 ‚
735 1406 850 1446 quam
874 1392 1137 1446 aequalitatem
1163 1393 1436 1433 determinatio

112 1458 256 1497 virium
289 1466 369 1498 tam
401 1457 708 1512 propellentium
743 1470 857 1510 quam
892 1456 1167 1510 sepelientium
1211 1466 1299 1498 ante
1333 1456 1437 1496 insti-

111 1529 193 1561 tuta
208 1521 472 1574 fi1ppeditauit.
541 1522 727 1577 Quamuis
759 1530 888 1560 autem
922 1533 1047 1573 neque
1081 1522 1140 1560 vis
1168 1516 1203 1575 p'
1231 1532 1357 1574 neque
1391 1520 1434 1573 P,

111 1585 289 1638 quamdiu
326 1596 485 1637 Vtraque
521 1587 597 1638 agit
618 1619 628 1636 ,
661 1586 817 1624 inuenta
850 1583 895 1624 sit
914 1584 1116 1635 constans,
1153 1593 1283 1624 tamen
1321 1597 1434 1624 com-

111 1649 310 1689 moditatis
326 1649 462 1688 calculi
482 1650 602 1701 gratia
619 1657 820 1701 Vtramque
835 1648 1075 1688 constantem
1094 1649 1171 1688 fine
1190 1660 1316 1688 errore
1335 1646 1434 1688 affu-

109 1724 216 1754 mere
258 1713 470 1764 poterimus
497 1746 507 1764 ,
558 1726 647 1753 cum
688 1712 781 1752 leuis
831 1712 1075 1765 inaequalitas
1122 1712 1260 1752 nullius
1301 1722 1433 1752 motus

109 1776 214 1815 causti
247 1774 323 1816 effe
359 1785 502 1832 queat,
538 1778 604 1830 qui
638 1790 690 1818 ex
722 1776 950 1831 aequalitate
987 1788 1069 1816 non
1103 1788 1222 1830 aeque
1260 1774 1426 1830 sequere.

116 1849 191 1880 tur.

229 1915 355 1969 §.728
393 1913 583 1954 Ponamus
625 1916 738 1968 igitur
771 1917 854 1955 vim
883 1924 912 1969 p
947 1916 1050 1969 prius
1083 1927 1192 1968 agere
1213 1949 1222 1966 ,
1256 1928 1329 1968 qua
1362 1927 1494 1969 na-mg,
1517 1936 1546 1968 ς,

109 1978 168 2024 vis
204 1978 466 2030 propellatur,
504 1988 617 2032 atque
653 1980 766 2019 initio
801 1991 938 2019 nauem
972 1977 1079 2018 fuiffe
1098 1981 1138 2018 in
1173 1979 1212 2018 A
1233 2011 1243 2030 ,
1278 1978 1344 2018 vbi
1363 1991 1428 2018 ce*

112 2041 301 2083 lentat-tm
335 2041 506 2080 habuerit
541 2056 694 2095 prorum
731 2043 856 2083 versus
889 2039 1030 2084 :Vb
1059 2075 1068 2095 ,
1108 2044 1262 2096 iamque
1296 2044 1428 2082 confe-

109 2104 199 2146 cifl'e
236 2106 394 2158 spatium
428 2106 601 2147 AP-:v
634 2119 744 2161 arque
778 2108 818 2147 in
853 2107 882 2148 P
916 2107 1153 2149 celeritatem
1188 2106 1327 2149 habere
1362 2106 1427 2144 de-

173 2169 291 2211 Tom.
328 2168 359 2209 I.
747 2171 799 2228 Q
1308 2170 1429 2212 bitam
