1820 2506
415 216 440 256 3
452 212 509 258 84
540 201 999 249 DESCRIPTIONES
1014 199 1277 249 RARIORV
1277 201 1334 249 M
1359 203 1738 253 PLANTARVM.

534 325 728 365 Extrema
760 323 874 364 caulis
904 331 944 363 et
985 335 1184 364 ramorum
1214 323 1257 363 in
1279 325 1511 377 pedunculos
1552 327 1739 368 vnifloros

417 388 551 428 eadem
586 386 734 439 prorsus
766 388 916 427 ratione
933 419 943 438 ,
978 399 1050 439 qua
1085 387 1200 427 caulis
1216 387 1255 426 in
1275 400 1404 428 ramos
1422 421 1433 440 ,
1473 391 1734 431 diuaricantur,

412 451 562 491 Foliola
599 450 821 504 pedunculis
838 449 1000 491 subiecsta
1026 449 1248 504 plerumque
1268 451 1413 504 integra
1430 483 1441 503 ‚
1476 462 1587 493 ouata
1604 485 1616 505 ,
1647 465 1736 493 raro

409 514 522 555 incisa
556 523 619 553 aut
652 513 832 556 trilobata
870 514 966 555 sunt..

527 577 557 620 F
559 577 658 617 lores
698 575 919 616 ochroleuci
939 608 950 628 ,
998 575 1062 615 sub
1110 577 1261 617 initium
1308 577 1564 618 florescentiae
1584 611 1595 630 ,
1643 591 1733 620 cum

409 640 615 696 peduncuii
666 640 796 680 breues
844 638 926 680 sunt
944 672 954 691 ,
1006 641 1188 680 racemofi
1224 673 1236 692 ,
1287 641 1421 681 iisdem
1473 641 1632 694 posthac
1674 643 1734 681 in-

408 705 491 745 dies
532 702 839 744 excrescentibus
859 735 869 755 ‚
915 704 954 742 in
989 703 1178 757 paniculas
1215 703 1477 744 diffunduntur
1526 714 1566 744 et
1610 706 1735 745 versus

407 780 535 810 vnum
585 767 679 807 latus
731 766 971 807 inclinantur.
1038 767 1123 806 Hos
1172 766 1432 820 subiequuntur
1488 767 1554 807 sex
1590 801 1601 820 ‚
1650 769 1733 821 sep,

404 840 491 873 tem
510 841 548 872 et
566 831 660 872 0610
695 829 856 871 filiculae
888 829 1079 881 oblongae
1099 862 1110 881 ,
1142 830 1292 869 striatae
1310 862 1320 881 ‚
1353 829 1442 869 hinc
1475 830 1608 883 gibbae
1627 864 1638 882 ,
1672 832 1733 870 in-

405 895 455 933 de
474 895 609 947 planae
627 925 639 945 ‚
672 895 712 933 in
739 893 891 944 apicem
908 902 1062 932 acutum
1098 892 1293 932 reflexum
1324 892 1543 932 defluentes.
1614 894 1734 953 Quod

403 954 585 997 Stellerus
635 964 798 1009 quatuor
850 964 999 995 tantum
1042 954 1181 995 semina
1220 955 1304 994 suae
1345 955 1541 1007 adierim,
1576 957 1616 996 id
1649 969 1730 997 non

402 1021 533 1072 magni
575 1018 851 1059 aestimandum
881 1017 966 1059 est:
999 1030 1095 1059 nam
1138 1027 1289 1071 praeter
1319 1019 1420 1071 quod
1455 1031 1631 1058 numerus
1661 1032 1731 1058 eo-

400 1095 490 1124 tum
531 1084 680 1132 variat,
714 1079 824 1121 facile
856 1081 976 1118 etiam
1016 1080 1103 1119 fieri
1133 1080 1260 1131 potuit
1280 1111 1291 1130 ,
1323 1090 1368 1120 vt
1403 1079 1565 1121 Stellero
1581 1091 1728 1122 matura

400 1143 545 1188 semina
569 1144 730 1196 ‚legente
763 1153 845 1185 non
879 1140 983 1184 nulla
1016 1141 1093 1181 iam
1127 1141 1357 1182 deciderent.

516 1206 615 1247 {con
650 1205 739 1246 fistit
771 1216 924 1245 ramum
958 1216 1011 1244 ex
1038 1203 1277 1251 ,inflatioribus
1307 1204 1469 1247 naturali
1500 1205 1724 1261 magnitudi-

398 1283 462 1317 ne.
498 1284 539 1314 α.
562 1269 615 1314 est
644 1269 778 1310 folium
819 1267 993 1312 radicale„

1511 2116 1718 2163 ASTRO·
