1820 2506
400 179 492 228 -1N
523 177 774 229 FODINIS
804 176 1140 228 OBSERVATO
1365 196 1456 239 27³

132 311 178 347 et
209 302 261 346 fic
294 303 484 345 continuo
517 314 583 345 aer
614 303 656 347 in
690 300 911 345 cuniculum
943 300 1177 357 superiorem
1210 300 1462 359 ingredietur,

136 381 189 410 ex
221 367 401 410 inferiore
434 367 566 412 effluet
583 401 594 423 ‚
628 379 824 424 quousque
856 379 925 409 aer
956 374 1136 409 externus
1168 367 1342 411 manebit
1380 367 1462 424 spe-

133 432 246 475 cifice
278 433 401 475 leuior
434 435 586 475 interno
605 467 616 487 ,
667 432 745 475 hoc
782 432 856 485 est,
895 431 1078 489 quamdiu
1132 432 1247 475 aestas
1299 433 1458 478 durabit.

134 496 185 554 (ς.
211 498 298 556 11.)
337 499 388 557 Q.
412 498 461 541 E.
482 497 538 540 D.
776 542 778 544 ,

560 557 943 618 Corollarlum
991 579 1033 616 1.

284 648 318 698 ξ.
360 653 429 690 18.
468 646 545 688 Vbi
579 648 693 689 aestas
725 648 895 701 longiori
930 655 1113 702 tempore
1146 655 1350 702 permanet
1368 680 1378 700 ,
1406 647 1460 692 ibi

129 713 247 755 etiam
288 724 353 752 aer
394 712 529 752 diutius
569 724 657 753 eam
705 713 960 754 directionem
1010 720 1140 753 motus
1191 711 1431 754 conseruabit
1448 747 1460 767 9

130 791 202 832 qua
235 776 442 830 ingreditur
473 776 513 817 in
549 786 710 830 puteum
744 777 809 818 vel
842 774 1064 817 cuniculum
1098 775 1277 817 altiorem
1311 789 1365 817 ex
1386 776 1460 817 hu-

129 841 283 883 mihore
318 839 451 882 effluit.
520 839 576 882 Et
608 852 742 883 contra
776 841 843 884 vbi
877 839 994 881 aestas
1029 839 1154 882 breuis
1188 840 1242 883 est
1260 874 1272 895 ,
1307 841 1361 884 ibi
1387 842 1458 884 eti-

127 917 193 947 am
229 904 323 947 haec
357 905 483 947 fluxio
515 905 610 946 aeris
642 905 818 947 breuiore
848 914 1030 959 tempore
1061 903 1223 946 durabit.

543 976 923 1036 Corollarium
969 993 1028 1040 2.

274 1067 309 1117 ς.
352 1079 421 1118 19.
458 1066 610 1109 Mirum
643 1066 821 1123 profee‘to
855 1078 936 1108 non
969 1065 1023 1108 est
1064 1064 1105 1105 in
1147 1064 1224 1108 oris
1264 1074 1458 1122 tempera²²

124 1132 173 1174 tis
203 1132 390 1172 eiusmodi
424 1131 642 1173 fluxionem
676 1132 845 1185 incipere
867 1130 980 1170 initio
998 1130 1099 1170 veris
1123 1138 1163 1170 et
1179 1129 1258 1170 fine
1284 1133 1457 1177 autumni

126 1193 268 1236 ceffare
288 1227 298 1247 ,
331 1195 371 1234 in
401 1193 541 1248 frigidis
573 1203 702 1235 autem
735 1195 888 1236 initium
921 1205 1060 1250 capere
1092 1193 1155 1236 sub
1195 1193 1318 1237 finem
1356 1197 1459 1240 veris

121 1269 166 1301 et
199 1259 263 1301 sub
296 1258 451 1300 initium
483 1260 658 1300 autumni
692 1258 874 1301 definere.

573 1317 918 1380 Theorema
960 1340 1009 1396 3.

275 1408 309 1457 §.
350 1420 420 1449 20.
457 1405 631 1450 Brumali
665 1418 848 1464 tempore
882 1422 945 1452 aer
978 1407 1123 1451 infundi
1158 1407 1273 1451 debet
1307 1410 1348 1453 in
1382 1423 1457 1467 pu-

122 1484 234 1515 teum
285 1472 534 1515 humiliorem
567 1473 608 1515 A
634 1472 670 1516 B
687 1507 698 1529 ‚
730 1485 771 1517 et
821 1487 875 1519 ex
924 1483 1046 1531 puteo
1087 1474 1220 1517 altiore
1268 1475 1306 1518 E
1324 1474 1359 1520 C
1401 1477 1455 1520 efi-

122 1538 254 1582 fluere.

564 1595 1014 1660 Demonstratio.

240 1688 377 1730 Puteus
395 1685 469 1730 CE
486 1688 540 1730 est
558 1689 671 1730 altior
689 1698 809 1745 puteo
828 1688 903 1732 AB
917 1686 1202 1746 (perhypoth.)
1214 1698 1251 1732 et
1262 1701 1326 1731 aer
1343 1689 1383 1731 in
1393 1689 1453 1733 fb-

123 1754 221 1796 dinis
239 1763 416 1807 tempore
450 1754 628 1805 hyberno
646 1754 824 1810 specifice
844 1755 966 1796 leuior
984 1764 1150 1796 externo
1169 1752 1220 1810 (§.
1249 1766 1267 1793 1
1281 1768 1298 1794 1
1312 1753 1350 1811 .)
1372 1755 1453 1810 Igi-

126 1829 187 1859 tur
222 1829 306 1872 pars
338 1817 377 1857 A
396 1816 431 1857 L
464 1818 672 1858 columnae
704 1820 904 1862 infistentis
936 1820 1176 1861 extremitati
1206 1817 1241 1859 B
1274 1821 1347 1861 erit
1372 1820 1454 1874 spe-

123 1881 235 1923 cifice
268 1882 419 1935 grauior
449 1891 560 1936 parte
593 1880 674 1923 DE
692 1884 897 1926 columnae
922 1884 1120 1926 infistentis
1146 1885 1384 1926 extremitati
1402 1885 1453 1929 Eg

124 1945 176 2002 (ᾗ.
191 1944 297 2002 eod.)
307 1946 572 2002 Quamobrem
581 1946 763 1989 columna
779 1949 941 1991 insistens
959 1949 1197 1989 extremitati
1213 1946 1248 1988 B
1257 1961 1454 2004 praepon-

124 2011 270 2053 derabit
297 2010 500 2053 columnae
518 2012 699 2055 infistenti
719 2014 953 2054 extremitati
972 2012 1021 2067 E,
1041 2013 1213 2068 adeoque
1231 2026 1296 2056 aer
1320 2023 1454 2055 exter-

189 2076 311 2117 Tom.
347 2073 382 2116 L
731 2077 779 2121 M
811 2091 854 2120 m
1380 2091 1450 2123 nus
