1820 2506
435 224 526 266 με»
644 195 755 258 ’ΒΕ
784 211 955 259 MoTV
984 211 1282 268 NODCJRVM
1315 220 1518 264 LVNAE

437 339 536 372 terra
556 331 594 370 in
611 330 702 371 foco
721 331 859 386 ellipfis
884 333 1113 375 collocetur.
1165 333 1305 389 Neque
1341 347 1435 378 vero
1453 340 1567 380 etiam
1588 340 1743 389 termini

434 395 477 435 in·
509 397 765 447 integratione
799 398 925 438 omiffi
960 400 1063 440 hunc
1095 409 1249 439 motum
1279 400 1451 441 medium
1475 403 1747 457 diminuerent,

436 460 527 511 quin
562 458 690 511 potins
721 459 748 500 fi
782 464 971 514 quantitas
1007 463 1177 516 superior
1194 458 1351 520 sQdCI)
1391 467 1596 506 accuratius
1636 469 1746 507 inue-
1804 476 1807 480 '

435 521 591 574 stigetur
610 555 620 574 ,
652 525 878 566 accederent
908 527 1062 567 termini
1094 537 1250 568 motum
1281 528 1472 568 nodorum
1492 529 1660 569 medium
1679 531 1748 572 ad-

433 584 511 626 huc
542 584 822 640 aliquantillum
842 623 857 643 ‚
885 589 945 630 sed
979 590 1235 631 insensibiliter
1256 623 1267 643 ,
1319 592 1556 645 adaugentes.
1639 593 1747 649 Qua-

431 659 486 691 re³
507 650 545 689 in
578 651 678 691 nulla
708 652 780 693 alia
814 667 856 694 re
889 654 994 695 caula
1027 654 1205 696 diffensus
1238 654 1376 695 calculi
1407 656 1525 696 nostri
1555 655 1604 696 ab
1621 656 1746 697 obser·

430 714 646 755 vationibus
687 715 771 757 situs
810 715 891 759 effe
929 718 1054 772 potest
1081 752 1093 772 ,
1135 719 1203 759 nisi
1242 719 1281 758 in
1324 719 1454 760 valore
1494 719 1607 773 ipsius
1647 720 1746 775 dq,

429 789 546 830 quem
580 788 713 819 contra
746 781 918 823 indolem
951 793 1085 824 motus
1110 782 1220 822 lunae
1259 794 1313 822 ex
1346 783 1467 837 ellipfi
1501 783 1743 825 deduximus.

428 840 533 882 Hinc
566 842 634 883 iste
666 842 827 886 defeetus
861 846 1028 899 perfecte
1060 847 1223 899 suppleri
1241 856 1330 886 ante
1348 859 1428 887 non
1448 847 1604 900 poterit,
1625 859 1742 900 quam

426 904 505 958 ipse
537 917 667 946 motus
700 907 811 948 lunae
844 910 884 949 in
918 908 977 950 sua
1008 910 1127 950 orbita
1161 910 1208 950 ad
1241 908 1427 950 calculum
1458 909 1568 950 fuerit
1585 922 1743 951 reuoca-

426 976 497 1007 tus.
566 967 743 1009 Sufficiat
771 982 865 1024 ergo
897 971 963 1011 hic
993 970 1189 1013 annotasse
1207 1004 1219 1023 ‚
1253 982 1409 1012 motum
1444 974 1637 1014 nodorum
1654 985 1741 1013 me-

424 1030 534 1070 dium
577 1031 642 1072 hic
677 1033 875 1077 inuentum
917 1044 1026 1088 parte
1056 1035 1114 1075 sna
1143 1043 1177 1085 ᾖ,
1213 1035 1373 1075 diminui
1405 1047 1587 1089 oportere
1608 1068 1620 1088 ‚
1658 1048 1739 1089 quo

423 1105 514 1134 cum
548 1096 708 1136 veritate
745 1097 964 1150 conspirans
996 1098 1185 1137 reddatur.
1251 1095 1488 1139 Coefficiens
1529 1111 1623 1151 ergo
1668 1111 1687 1136 1
1711 1120 1741 1130 -

422 1155 459 1209 ,ἦ
478 1177 520 1183 -
539 1155 595 1211 ᾗῇ
613 1189 624 1207 ,
659 1160 725 1210 qui
758 1168 841 1198 erat
859 1171 960 1211 Σο,
981 1162 1040 1209 96
1042 1162 1207 1211 98506‚
1242 1159 1301 1198 sua
1322 1170 1432 1212 parte
1465 1172 1499 1210 ἦ
1531 1162 1653 1201 minui
1671 1162 1740 1202 de-

421 1219 527 1259 bebit
543 1252 555 1272 ‚
589 1220 738 1274 eritque
768 1232 976 1276 propterea
1004 1235 1122 1276 zo,
1154 1225 1334 1273 957693
1359 1236 1373 1277 3
1415 1224 1520 1263 cuius
1556 1224 1745 1276 logarith-

423 1294 507 1325 mus
541 1283 597 1324 est
629 1296 744 1338 39,
767 1290 1001 1335 9812263·

573 1341 610 1391 ἕ.
652 1359 727 1398 27.
757 1349 925 1391 Inuento
955 1362 1050 1404 ergo
1081 1350 1175 1393 Ioco
1215 1349 1351 1392 medio
1388 1349 1510 1390 lineae
1550 1350 1742 1392 nodorum

423 1417 471 1459 ad
505 1419 664 1473 quoduis
694 1430 846 1474 tempus
877 1422 1118 1476 propositum
1150 1434 1204 1462 ex
1235 1420 1458 1474 aequatione
1491 1414 1533 1471 Φ
1549 1417 1687 1460 :C-
1705 1417 1749 1478 {L}

421 1483 496 1530 (1—
516 1481 681 1540 ξχ-ξῇ)
700 1518 711 1537 ,
744 1485 792 1525 ad
825 1485 929 1540 quod
961 1489 1165 1538 negotium
1199 1484 1324 1525 tabula
1355 1483 1571 1523 mediorum
1605 1495 1740 1526 motu-

421 1555 491 1585 um
524 1549 648 1587 lineae
681 1549 874 1589 nodorum
908 1548 962 1589 est
995 1549 1319 1599 accommodataz,
1352 1546 1420 1586 iste
1451 1546 1555 1586 locus
1571 1547 1739 1600 pluribus

418 1611 704 1662 aequationibus
735 1612 874 1664 corrigi
913 1611 1026 1652 debet
1040 1643 1052 1663 ,
1084 1623 1163 1665 quo
1194 1622 1307 1651 verus
1337 1609 1566 1649 obtineatur.
1609 1610 1737 1652 Prima

417 1677 565 1720 scilicet
600 1681 775 1734 aequatio
820 1680 943 1720 oritur
982 1692 1035 1721 ex
1076 1680 1244 1720 termino
1277 1665 1450 1709 *ΗΜ

1343 1706 1381 1736 ⁴22
1466 1712 1477 1731 ‚
1519 1680 1738 1735 pendetque

417 1741 467 1782 ab
499 1743 687 1784 anomalia
721 1744 937 1784 excentrica
970 1742 1053 1783 solis
1069 1775 1080 1795 ‚
1112 1755 1209 1796 quae
1248 1743 1304 1782 est
1344 1743 1516 1783 medium
1556 1743 1738 1784 arithme-

416 1806 540 1848 ticum
575 1808 759 1861 proxime
791 1808 893 1847 inter
922 1806 1151 1847 anomaliam
1185 1807 1352 1845 mediam
1386 1814 1425 1844 et
1450 1817 1598 1844 veram.
1632 1807 1737 1862 Quia

416 1879 547 1911 autem
581 1870 782 1911 discrimen
816 1871 918 1910 inter
945 1869 1177 1910 anomaliam
1211 1868 1377 1909 mediam
1412 1876 1451 1907 et
1482 1880 1614 1908 veram
1647 1870 1738 1911 solis

414 1933 472 1973 est
506 1932 758 1975 vehementer
793 1934 974 1987 exiguum
992 1966 1003 1985 ,
1037 1945 1112 1987 pro
1145 1946 1166 1988 ξ
1197 1931 1275 1972 fine
1309 1942 1436 1971 errore
1460 1930 1633 1972 adhiberi
1657 1945 1734 1987 po·

414 1998 506 2038 terit
538 1998 726 2039 anomaHa
756 1998 881 2039 media
913 1996 999 2037 solis
1031 2009 1052 2037 a
1085 1996 1265 2050 perigaeo
1294 2003 1529 2047 computata.
1591 1996 1732 2053 Quod-

415 2059 445 2100 fi
478 2070 605 2102 autem
639 2074 750 2103 more
782 2061 967 2102 consueto
1000 2060 1191 2101 anomalia
1223 2058 1347 2098 media
1387 2058 1434 2097 ab
1467 2070 1640 2113 apogaeo
1672 2059 1730 2100 su·

415 2131 573 2178 manat,
604 2126 684 2169 eius
716 2125 815 2170 smus
845 2125 1020 2180 negatiue
1050 2123 1146 2165 sumi
1174 2121 1298 2164 debet.
1360 2121 1463 2165 Hinc
1494 2122 1523 2165 fi
1556 2137 1577 2180 e
1608 2123 1731 2164 deno-

1674 2192 1736 2229 tet
