1820 2506
730 161 761 221 )(
799 176 854 217 19
890 161 923 222 )(

169 281 263 328 liber
295 282 393 340 typis
423 279 598 324 mandari
629 278 743 334 potest
762 311 774 333 ‚
813 280 901 335 quin
928 275 1114 334 perlet‘lus
1148 279 1200 337 sit
1230 284 1330 323 totus
1364 288 1484 339 prae.

154 345 322 403 sentibus
363 347 600 390 Academicis
636 345 798 386 omnibus
816 377 828 397 ‚
861 342 927 387 vel
955 351 1056 386 certe
1086 346 1135 386 iis
1154 376 1165 397 ‚
1200 347 1331 401 quibus
1370 349 1415 390 id
1427 361 1489 389 ne-

158 415 256 468 gotii
289 408 442 468 Praeffes
474 411 649 464 dederit3
690 415 727 451 et
759 420 870 463 quum
908 409 1149 463 publicandas
1190 411 1234 468 est
1267 410 1360 452 liber
1379 446 1389 465 ,
1418 421 1488 467 pu-

166 477 264 531 bliea
277 481 363 520 »itur
404 476 463 518 ille
499 470 707 531 perscripta
748 471 937 529 Praefidis
975 474 1197 517 auctoritate
1213 508 1225 530 ,
1264 477 1325 518 cui
1365 476 1489 520 chiro-

157 541 353 601 graphum
384 555 404 583 e
436 542 580 594 regione
611 538 767 593 adponet
801 535 1054 584 secretarius.

795 645 868 686 27.

283 705 326 749 Si
357 708 450 762 quid
467 704 572 761 forte
604 719 653 748 ex
685 705 773 748 aliis
805 706 1011 760 regionibus
1052 705 1125 750 huc
1163 711 1330 753 mittetur
1384 721 1489 753 reuo-

167 773 324 816 candum
343 769 416 827 sub
448 783 602 813 examen
620 804 632 824 ,
665 770 731 812 vel
753 770 900 828 publico
931 771 1126 827 testimonio
1157 776 1460 830 comprobandum
1477 808 1489 829 ,

166 837 214 879 de
253 836 320 879 hoc
362 836 585 879 Academici
616 847 741 889 graue
759 869 771 889 ‚
799 836 988 892 fincerum
1028 844 1142 892 atque
1156 841 1319 890 firmum
1351 841 1491 883 dabunt

166 902 403 958 testimonium
420 935 432 956 ,
470 914 519 944 ac
549 902 730 943 rationem
769 901 897 944 iudicii
916 896 982 958 sui
1020 909 1201 959 exponent
1234 905 1402 962 Praefidi
1435 916 1494 946 co-

167 967 316 1010 dic-illis.

792 1035 868 1074 28.

288 1101 497 1145 Alienorum
529 1100 736 1154 hominum,
768 1115 877 1160 quem
907 1113 975 1144 non
1006 1101 1160 1145 duxerit
1201 1101 1274 1161 ipse
1307 1102 1461 1155 Praeles
1478 1136 1492 1157 ‚

166 1173 232 1209 aut
271 1166 379 1209 huius
419 1170 456 1209 iu
482 1180 506 1208 u
546 1168 785 1211 Secretarius
804 1200 817 1221 ,
852 1175 991 1209 coetum
1030 1167 1337 1212 Academicorum
1369 1172 1492 1224 ingre-

165 1232 294 1273 diatur
326 1244 425 1272 nemo
444 1266 454 1286 ‚
487 1245 532 1272 ne
567 1234 602 1275 is
633 1233 778 1287 quidem
796 1265 808 1285 ,
845 1235 910 1288 qui
942 1232 1069 1274 doctas
1090 1227 1187 1286 suas
1227 1248 1339 1278 curas
1378 1243 1491 1290 atque

168 1297 419 1339 meditationes
451 1309 532 1337 cum
564 1297 804 1340 Academicis
842 1298 1177 1341 communicaturus
1234 1305 1355 1343 venit.

796 1403 820 1431 ε’,
824 1403 870 1443 9.

282 1461 491 1505 Conuentus
522 1459 827 1506 Academicorum
847 1460 1012 1518 fiilennes
1042 1464 1239 1519 quotannis
1265 1463 1366 1507 terni
1369 1457 1490 1519 fiunto.

166 1526 287 1571 Binae
352 1530 390 1569 in
453 1528 528 1570 illis
592 1527 828 1570 conuentibus
881 1528 1147 1584 praeleguntor
1197 1526 1463 1584 differtationes
1479 1563 1491 1583 ‚

166 1590 289 1633 altera
319 1605 448 1634 earum
479 1593 591 1635 latino
613 1624 625 1646 ,
658 1592 783 1634 altera
815 1592 943 1644 rufflco
955 1589 1138 1648 sermone.
1183 1591 1415 1650 Ipstsuorum
1442 1604 1492 1638 ex.

166 1668 311 1698 numero
342 1657 499 1712 eligent,
531 1669 620 1713 quos
653 1658 797 1712 quidem
829 1653 970 1713 censent
1002 1657 1060 1698 ad
1086 1656 1165 1700 tale
1197 1661 1376 1712 negotium
1410 1671 1492 1700 ma-

166 1723 265 1762 xime
314 1723 468 1764 idoneos.
536 1723 717 1765 Latinam
754 1729 878 1765 tamen
918 1719 1199 1779 diffirtationem
1239 1725 1347 1766 reddi
1382 1725 1493 1778 prius

166 1786 295 1836 russice
313 1820 323 1839 ,
365 1798 520 1842 eamque
557 1789 654 1844 typis
694 1788 859 1843 imprimi
896 1794 934 1828 et
967 1789 1064 1828 inter
1093 1789 1280 1829 auditores
1322 1788 1493 1844 distribui

167 1857 337 1905 oportet,
369 1863 480 1906 quam
513 1855 551 1893 in
580 1859 753 1894 conuentu
772 1848 912 1906 solenni
938 1851 1096 1906 legatur.
1164 1854 1312 1895 Primus
1345 1850 1491 1908 qussqus‘

168 1922 360 1957 conuentus
391 1915 591 1959 immortali
623 1916 790 1959 PETRI
824 1916 969 1969 Magni
990 1951 1001 1970 ,
1034 1917 1269 1958 Academiae
1299 1918 1337 1958 F
1337 1918 1491 1959 undato-

168 1979 226 2019 ris
275 1983 472 2022 memoriae
505 1977 618 2035 sacer
668 1981 733 2037 esto
752 2014 764 2033 ,
814 1981 978 2034 idemque
1011 1984 1150 2036 primis
1191 1982 1371 2024 Ianuarii
1412 1983 1491 2023 die-

169 2042 239 2085 bus
281 2041 464 2086 habetor:
497 2045 592 2087 alius
633 2044 834 2087 immortali
873 2043 1258 2090 CATHARINAE
1318 2046 1493 2103 Impera-

166 2109 278 2151 tricis
345 2110 548 2152 memoriae
567 2143 578 2162 ‚
622 2111 764 2166 primis
827 2107 942 2152 Maii
990 2109 1119 2156 diebus
1178 2113 1321 2156 dicator
1352 2128 1361 2154 :
1413 2118 1490 2152 ter-

822 2187 845 2215 e
882 2186 907 2213 2
1417 2176 1493 2218 tius
