1820 2506
370 176 455 221 DE
485 153 901 223 ABERRATmNE
929 170 1217 223 FIXARVM
1360 194 1449 233 449

202 294 260 355 γ)
294 296 370 338 Hic
403 296 578 350 Angulus
609 297 649 338 A
682 297 776 346 (fiue
818 307 975 351 tangens
1017 306 1126 344 antea
1166 296 1334 354 inuenta)
1369 301 1448 341 filb-

229 361 434 402 trahendus
471 361 523 401 est
556 374 578 401 a
611 362 849 415 longitudine
890 360 1018 402 stellae
1062 362 1216 402 adiectis
1259 365 1345 410 360
1391 377 1448 418 gr.

229 426 277 465 ad
317 425 599 479 longitudinem
642 426 691 480 (s1
731 425 822 466 alias
854 425 1058 466 subtrae‘tio
1096 425 1179 466 fieri
1212 428 1370 480 nequit)
1404 435 1449 475 ,vt

228 488 409 529 habeatur
442 490 548 530 locus
587 489 671 530 solis
717 489 764 530 Μ
799 502 875 544 quo
906 499 1096 546 apparens
1137 489 1328 532 declinatio
1375 495 1451 534 erit

228 552 336 605 nulla,
355 554 415 594 cui
448 555 472 595 fi
491 554 674 595 addantur
717 557 758 591 6.
803 554 902 608 signa
923 588 934 607 ,
978 554 1127 595 dabitur
1144 555 1235 596 alter
1268 555 1372 596 locus
1403 556 1449 598 N

228 617 268 657 in
299 629 378 670 quo
408 617 596 658 aberratio
627 619 769 658 iterum
801 623 872 658 erit
905 618 1014 660 nulla.

277 681 416 721 Tribus
447 682 556 735 signis
587 692 671 722 ante
704 691 743 721 et
776 683 861 736 post
894 681 994 723 hunc
1026 683 1158 724 locum
1193 682 1254 723 M.
1297 682 1447 725 aberra-

241 745 300 785 tio
333 745 387 785 est
405 746 592 796 maxima,
613 746 817 788 secundum
833 747 1127 801 praecedentem
1144 748 1442 790 determinatio-

241 820 342 850 nem.
382 809 415 858 ξ.
453 811 497 865 β.
533 821 570 849 e.
602 824 639 864 g.

410 872 484 913 Pro
552 873 656 927 Lyra
778 886 859 924 173
867 890 908 925 9

259 941 312 1034 ,ξ
363 948 391 986 9
426 950 455 986 4
492 945 688 1055 57}locus
713 975 754 1016 O
775 969 843 1009 vbi
860 969 980 1010 aberr
1010 971 1065 1010 est
1089 971 1193 1012 nulla

262 1016 314 1044 Q
362 1010 386 1046 3
424 1013 454 1050 4
491 1010 546 1049 57

257 1106 307 1138 st
353 1098 382 1132 6
414 1109 444 1143 4
483 1103 536 1142 57

261 1163 306 1199 ‘V'
349 1169 377 1195 0
412 1171 442 1206 4
480 1168 534 1207 57

1225 951 1296 990 27.
1332 941 1437 982 Dec⁴¹

1233 1015 1303 1054 27.
1337 1005 1424 1045 Iun.

890 1075 960 1107 28
988 1066 1095 1120 Sept.
1137 1070 1233 1109 vers.
1269 1070 1440 1110 boream,

539 1102 648 1211 gloc„
672 1131 711 1170 Ε)
731 1128 797 1167 vbi
815 1128 1001 1169 aberratio
1019 1130 1073 1169 est
1090 1134 1263 1172 maxima

885 1205 953 1242 25.
990 1193 1098 1234 Mart
1142 1197 1238 1235 vers.
1275 1198 1442 1236 austrum

212 1247 277 1294 Sc.
313 1253 399 1306 quia
431 1254 586 1306 angulus
615 1255 666 1296 A.
687 1266 766 1297 erat
785 1265 911 1298 acutus
943 1258 1088 1310 pariter
1121 1270 1164 1298 ac
1195 1271 1282 1311 ang.
1320 1258 1370 1310 E,
1399 1267 1440 1299 et

233 1314 336 1357 stella
370 1317 584 1359 vet-fimatur
614 1320 654 1359 in
685 1320 792 1373 figno
825 1320 1047 1362 ascendente
1087 1326 1126 1372 30
1162 1324 1248 1379 post
1282 1325 1352 1364 tria
1391 1324 1438 1364 si-

232 1392 306 1434 gna
347 1381 413 1421 vbi
446 1381 639 1424 aberratio
679 1394 758 1424 erat
800 1385 902 1426 nulla
920 1419 932 1438 ,
966 1387 1023 1426 vti
1057 1386 1118 1427 hic
1151 1390 1191 1429 in
1229 1394 1296 1445 v,
1332 1387 1435 1428 stella

232 1445 407 1484 maxime
456 1458 605 1488 remota
638 1448 691 1487 est
738 1460 757 1487 a
800 1450 899 1502 polo
946 1450 1065 1490 boreo
1085 1484 1096 1504 ,
1149 1453 1214 1508 qui
1263 1454 1433 1498 eiusdem

234 1509 402 1548 nominis
445 1509 497 1549 est
541 1524 630 1551 cum
670 1511 897 1554 latititudine
935 1513 1074 1555 stellae„

179 1567 223 1624 ὃ)
254 1572 431 1614 Tandem
461 1573 530 1614 fiat
563 1574 765 1629 analogia:

302 1636 359 1680 Vt
376 1637 481 1692 finus
513 1638 636 1692 anguli
670 1640 710 1680 A
731 1654 743 1692 3

303 1700 374 1742 Ad
388 1702 512 1756 fluum
547 1701 672 1755 anguli
705 1703 741 1743 E
762 1717 772 1742 z

302 1761 367 1802 Ita
390 1765 491 1815 finus
526 1763 654 1819 ΞΟΠ,

301 1824 373 1866 Ad
398 1829 600 1870 maximam
642 1829 911 1876 aberrationem
949 1832 1203 1881 declinationis
1245 1846 1428 1896 apparen-

343 1891 395 1931 tis
427 1904 452 1931 a
485 1905 592 1934 vera.

209 1952 292 1993 Hac
325 1953 566 1996 aberratione
600 1959 774 2000 maxima
805 1974 878 2016 pro
909 1972 997 2014 90.
1031 1966 1217 2022 inuenta,
1252 1970 1330 2012 eius
1363 1984 1427 2012 ca-

207 2016 331 2068 piatur
363 2018 567 2063 dimidium
596 2034 671 2078 pro
718 2030 806 2071 30⁰

175 2079 297 2121 Tom.
331 2078 362 2122 1.
703 2086 737 2128 L
771 2088 783 2130 l
813 2088 828 2128 1
1369 2099 1423 2141 Et
