1820 2506
357 178 704 227 OBSERVATIO
744 177 819 224 EC
821 177 990 226 LIPSIS
1020 179 1234 224 SOLARI
1234 181 1268 224 S
1384 193 1478 237 487

283 311 325 351 7.
369 301 417 342 In
459 301 687 354 designatam
727 301 847 341 centri
879 299 1011 342 Lunae
1040 300 1213 342 semitam
1253 313 1305 342 ex
1342 312 1480 344 centro

165 366 254 408 disci
288 365 426 407 Solaris
465 378 485 405 e
524 366 682 407 demiffa
714 365 1040 419 perpendicularis
1079 365 1148 407 eo
1181 366 1391 407 manifestat
1421 367 1479 407 di-

166 431 337 473 stantiam
355 429 476 470 centri
496 427 629 470 Lunae
661 444 682 471 a
715 439 851 471 centro
883 427 984 470 Solis
1015 430 1171 471 boream
1205 430 1328 471 versus
1360 432 1478 472 mini-

415 490 431 514 Ι
482 488 516 515 sl

164 539 269 568 mam
302 538 358 565 r:
392 538 434 564 ο.
476 531 520 576 8}
550 525 589 565 in
621 524 790 566 mensura
823 524 1021 566 schematis
1054 526 1169 579 §.4,
1203 538 1258 566 z
1295 527 1353 565 2².
1396 522 1477 575 sss.

165 590 360 645 pafflumj
380 590 504 630 diurni
549 589 617 629 vel
673 587 727 628 1'.
774 585 880 639 58ss.
926 591 1094 643 partium
1134 590 1269 630 circuli
1300 591 1477 631 maximi.

163 653 260 695 Inde
293 654 401 694 datur
432 654 615 707 quantitas
647 653 790 707 eclipsis
821 666 877 692 Ξ
911 653 1081 694 summae
1112 653 1481 695 semidiametrorum

163 715 264 759 Solis
282 727 319 758 et
336 717 467 758 Lunae
502 717 635 758 demta
667 716 838 759 distantia
868 728 1088 759 centrorum
1122 718 1286 758 minima
1306 731 1362 758 :-
1387 714 1477 767 15s.

200 777 233 802 κ]
419 777 435 802 s
486 781 521 803 a
645 776 661 802 s
745 777 776 803 a
966 783 983 803 s
1050 779 1085 804 ss

169 823 241 863 523
275 819 337 858 »1-
377 823 518 862 155}
551 836 590 844 -
627 826 664 852 1.
722 820 777 862 58
829 827 884 854 z
930 827 999 864 29.
1044 828 1070 853 0
1131 814 1298 868 partium
1346 812 1481 856 circuli

162 876 325 918 maximi
356 876 422 916 vel
453 890 508 917 :z
546 888 617 917 10.
652 877 778 930 digitis
811 891 900 918 cum
946 888 1020 928 57}
1052 878 1223 919 minutis.

284 946 322 982 8.
357 937 585 981 Construeta
626 942 745 981 centri
779 941 911 995 Lunze
926 942 1054 982 semita
1074 973 1084 992 ,
1116 941 1313 994 sumtaque
1345 938 1483 981 Lunae

162 1004 454 1046 semediametro
488 1019 544 1045 z
582 1001 636 1044 1f.
672 1001 736 1054 40
758 1037 769 1057 ‚
810 1003 972 1058 reliquae
997 1006 1116 1045 etiam
1142 1003 1270 1058 phases
1312 1004 1482 1058 affignari

161 1077 373 1122 potuerunt
393 1101 404 1119 ,
438 1081 596 1121 quarum
632 1067 846 1107 obseruatio
886 1080 1037 1108 moram
1072 1068 1349 1107 tantummodo
1382 1070 1486 1110 inter

162 1132 359 1185 appulsum
394 1130 501 1171 limbi
531 1130 630 1171 Solis
662 1131 924 1184 praecedentis
956 1131 1020 1171 vel
1052 1130 1239 1184 sequentis
1272 1140 1311 1169 et
1344 1131 1483 1172 alteru-

162 1195 249 1235 trius
265 1207 387 1235 cornu
411 1194 601 1247 patefecit.
669 1192 882 1247 Defignato
918 1194 1021 1234 enim
1049 1195 1090 1233 vi
1110 1194 1220 1233 huius
1246 1206 1378 1234 morae
1397 1207 1486 1235 cor-

161 1271 213 1298 nu
253 1258 343 1298 loco
376 1258 416 1298 in
457 1257 673 1311 peripheria
714 1257 814 1298 Solis
835 1291 844 1309 ‚
887 1267 999 1312 atque
1033 1270 1084 1297 ex
1119 1269 1169 1297 eo
1201 1269 1280 1310 ope
1311 1256 1482 1299 semidia-

162 1322 277 1363 metri
306 1321 440 1362 Lunae
473 1322 568 1362 fac'ta
599 1322 864 1363 intersectione
898 1321 1051 1363 semitae
1078 1321 1201 1362 centri
1235 1319 1388 1374 Lunae,
1422 1323 1484 1363 in-

159 1387 287 1426 notuit
328 1386 434 1426 locus
465 1386 596 1427 Lunae
627 1386 673 1427 ad
706 1395 955 1428 momentum
990 1384 1166 1440 appulsus
1203 1398 1325 1427 cornu
1355 1386 1403 1426 ad
1434 1385 1486 1428 fio

161 1448 240 1490 lum
275 1449 486 1491 horarium.

279 1526 321 1562 9;
355 1514 444 1554 Hoc
477 1515 595 1569 padio
626 1514 798 1569 phasium
833 1513 1055 1568 singularum
1090 1513 1353 1568 magnitudine
1369 1514 1482 1555 iuxta

162 1576 345 1616 indicatas
375 1578 409 1627 ξ.
446 1592 486 1628 4.
526 1583 565 1619 6.
607 1586 644 1622 8.
682 1580 886 1621 methodos
903 1580 1268 1632 repraesentatorum
1290 1579 1481 1619 dimensio

162 1639 359 1681 secundum
385 1642 540 1695 ,digitos
581 1653 619 1683 et
652 1646 796 1684 minuta
836 1643 1009 1695 ecliptica
1042 1654 1119 1695 ope
1151 1641 1266 1681 scalae
1303 1641 1342 1680 in
1378 1641 1482 1682 hunc

162 1702 282 1743 finem
313 1704 548 1746 constructae
579 1708 709 1759 potuit
742 1707 894 1746 institui.
964 1704 1132 1758 Sequens
1163 1705 1286 1744 tabula
1320 1704 1484 1746 exhibet

164 1776 359 1806 momenta
401 1768 571 1820 phafium
615 1780 654 1809 et
694 1771 919 1823 quantitates
950 1768 1296 1821 obscurationum3
1332 1770 1372 1809 in
1407 1781 1481 1823 qua

164 1830 281 1869 etiam
323 1827 516 1871 distantiae
559 1833 676 1872 centri
709 1832 839 1873 Lunae
873 1834 911 1874 in
947 1832 1095 1886 singulis
1129 1832 1301 1885 phafibus
1335 1846 1356 1873 a
1389 1831 1483 1872 loco

163 1894 237 1933 eius
278 1892 341 1934 vel
381 1895 422 1934 in
460 1896 574 1935 initio
615 1896 757 1950 eclipsis
799 1897 819 1937 I
840 1930 851 1950 ‚
884 1896 948 1937 vel
981 1897 1021 1936 in
1056 1896 1316 1936 obscuratione
1349 1896 1480 1936 maxi-

165 1969 229 1997 ma
260 1957 299 1997 O
330 1956 502 1999 sistuntur
533 1959 729 2013 expreffae
767 1973 836 2014 per
875 1970 997 2014 partes
1039 1961 1223 2012 temporis
1257 1960 1369 2012 veri,
1402 1971 1481 2013 quo

163 2029 333 2060 centrum
368 2021 497 2063 Lunae
528 2023 691 2076 spatium
724 2026 822 2064 inter
852 2023 982 2064 locum
1020 2024 1119 2062 initii
1153 2033 1192 2063 et
1224 2023 1355 2064 locum
1391 2036 1480 2063 cen-

164 2083 213 2125 tri
246 2084 285 2124 in
317 2084 401 2126 data
433 2086 537 2140 phasi
559 2119 570 2139 ,
602 2089 664 2130 vel
697 2089 796 2130 inter
827 2088 930 2129 hunc
977 2096 1016 2127 et
1049 2087 1177 2129 locum
1212 2087 1482 2130 obscurationis

1391 2162 1477 2192 ma·
