1820 2506
693 152 727 213 >t
761 165 825 204 αα
851 153 891 213 m

129 269 245 317 Nam
274 277 475 314 ceterorum
507 270 570 324 qui
587 265 718 327 sponte
737 266 817 324 fita
844 271 1014 324 veniunt,
1032 266 1112 327 fiio
1131 282 1223 314 aere
1236 271 1453 316 litterariam*

115 339 251 397 studiis
290 337 466 378 vacaturi
488 367 498 387 ,
533 348 715 377 numerum
751 336 904 385 definire
931 336 1039 379 haud
1051 332 1151 390 sane
1180 337 1279 379 libet.
1330 331 1445 381 Cete-

127 415 210 447 rum
239 409 309 457 pro
342 401 553 453 institutione
578 396 746 456 poscendi
778 400 921 456 aliquid
951 412 1062 456 neque
1103 402 1350 456 Academici,
1383 415 1448 444 ne-

130 479 199 524 que
240 463 460 523 Proseffores
491 477 603 521 neque
644 465 908 521 Praeceptores
940 468 1132 523 quicquam
1164 467 1258 511 iuris
1297 465 1450 511 habent.

753 567 826 609 38.

246 631 392 677 Forma
423 631 466 673 V
464 632 685 689 niueisstatis
717 633 772 674 ad
800 632 999 688 exemplum
1030 641 1237 677 ceterarum
1268 637 1307 678 in
1331 633 1454 676 Euro-

129 708 186 757 pa
219 699 259 742 V
258 696 504 753 niuersttatum
537 697 722 751 dirigitor.
790 700 1021 753 Aperiuntor
1044 705 1131 742 ante
1148 701 1269 742 omnia
1287 696 1453 756 scholae,

135 768 174 807 in
217 763 342 818 quibus
371 761 569 804 doceantur
609 776 634 803 a
646 761 944 818 praeceptoribus
970 762 1134 817 linguae,
1167 764 1309 817 latina,
1334 774 1456 817 grae-

134 842 180 871 ca
199 861 210 882 ,
235 826 380 881 gallica
412 833 522 881 atque
546 827 777 880 germanica.
845 826 910 867 Ex
928 822 1068 880 scholis
1099 824 1403 882 transscribentur
1417 830 1456 869 in

135 893 383 936 Academiam
415 891 566 948 studiofi
581 923 592 943 ‚
635 891 813 932 imbuendi
852 903 879 931 a
920 889 1184 948 Prosefforihus
1225 888 1421 947 disciplinis
1445 924 1457 945 ,

135 969 230 1014 quae
264 955 327 998 vel
355 955 466 997 latino
499 955 564 998 vel
592 956 723 1007 ruffico
741 951 914 1009 sermone
952 957 1161 998 tradentur.
1223 952 1457 1011 Disciplina-

136 1034 218 1064 rum
250 1018 374 1078 claffes
393 1015 504 1076 sunto
534 1027 640 1075 tres,
676 1018 953 1062 Mathematum
972 1051 985 1074 ,
1019 1020 1192 1079 Phyfices
1233 1028 1269 1063 et
1310 1021 1351 1064 H
1354 1033 1461 1062 uma-

139 1098 288 1129 morum.

768 1161 841 1201 39·

260 1221 305 1266 Si
335 1218 604 1276 disciplinarum
637 1222 737 1263 ratio
770 1222 826 1262 ita
858 1219 1045 1277 constituta
1086 1218 1134 1277 est
1155 1253 1166 1273 ‚
1197 1220 1380 1275 adparet,
1399 1221 1466 1262 vi-

142 1298 267 1331 rorum
298 1285 497 1327 eruditione
525 1285 790 1340 praestantium
824 1286 861 1325 in
894 1285 1027 1336 Ruffia
1059 1285 1202 1339 copiam
1233 1286 1346 1326 etiam
1373 1296 1464 1326 nunc

145 1350 357 1408 defiderari.
436 1348 537 1389 Huic
579 1348 792 1389 incommodo
839 1348 1037 1389 medebitur
1075 1348 1307 1400 Vniuersttas
1325 1380 1336 1400 ,
1370 1360 1466 1402 quae

133 1412 288 1470 sufficiet
321 1413 423 1454 viros
441 1444 452 1463 ,
486 1412 619 1465 quibus
652 1423 721 1451 non
743 1407 857 1463 solum
899 1413 1134 1464 academica,
1155 1408 1276 1467 sedet
1294 1410 1468 1452 altalon-

136 1493 188 1533 ge
197 1477 415 1533 grauiffima
432 1478 574 1529 negotia
590 1477 765 1517 committi
794 1481 875 1516 tuto
886 1476 1033 1531 poffint.
1070 1477 1202 1531 Neque
1225 1478 1320 1517 enim
1345 1475 1471 1518 erudi⁶

149 1546 205 1586 tio
222 1545 390 1596 cuiquam
408 1541 651 1582 erubescenda
669 1573 680 1591 ,
706 1542 811 1581 immo
844 1552 934 1581 vero
968 1543 1156 1582 maximae
1181 1540 1282 1581 laudi
1303 1540 1470 1593 ducitur,

148 1606 215 1664 effe
233 1610 269 1649 in
286 1608 379 1648 omni
397 1606 502 1662 statu
526 1612 605 1646 tam
624 1604 782 1646 militari
803 1614 911 1658 quam
936 1604 1032 1646 ciuili
1050 1638 1060 1657 ,
1079 1605 1174 1646 domi
1182 1601 1346 1661 forisque
1363 1604 1473 1656 ruffi·

151 1686 218 1714 cae
226 1673 348 1726 gentis
367 1673 470 1712 viros
487 1669 652 1711 doctrina
664 1668 918 1725 praeliantes,
936 1670 1043 1712 rebus
1051 1670 1227 1725 gerendis
1252 1670 1408 1711 idoneos.

776 1778 850 1817 40.

268 1830 518 1889 Quapropter
556 1836 592 1871 et
634 1842 683 1871 ex
724 1829 937 1872 Academia
978 1829 1129 1886 equestri
1154 1863 1165 1883 ,
1189 1830 1228 1886 fi
1267 1830 1329 1885 qui
1347 1823 1442 1883 szmt
1462 1859 1474 1881 ‚

157 1895 219 1951 qui
246 1895 479 1950 politicarum
500 1893 622 1950 studio
657 1907 780 1935 rerum
816 1896 980 1936 exerceri
1011 1896 1155 1949 cupiunt
1170 1928 1181 1947 ,
1212 1894 1268 1935 ad
1298 1893 1477 1947 vnizteifi-

159 1966 276 2001 tatem
306 1959 468 2000 mittendi
489 1954 599 2012 sunt⁷
633 1959 681 2000 iis
723 1959 925 2015 instituendi
974 1955 1167 2012 disciplinis
1195 1990 1206 2009 ,
1246 1970 1342 2013 quae
1381 1955 1485 2011 apud

160 2019 251 2081 ipsos
295 2034 363 2063 non
412 2023 637 2066 tractantur.
700 2021 787 2084 Quo
815 2022 928 2081 facio
967 2029 1003 2064 et
1043 2020 1265 2082 Profqfflores
1304 2023 1483 2075 negotium

1365 2084 1483 2129 habe·
