1820 2506
317 145 404 195 DE
436 144 679 195 CALORIS
709 146 786 192 ET
818 145 1086 194 FRIGORIS
1118 146 1306 195 CAVSA
1379 164 1465 193 221

150 266 256 322 lida,
290 279 358 310 cur
389 269 503 323 igitur
534 281 646 324 aqua,
688 280 785 324 quae
816 269 928 311 nobis
956 268 1187 322 frigidissima
1205 279 1377 325 apparet,
1409 284 1469 312 re·

149 344 241 373 vera
270 333 390 374 calida
423 346 504 374 non
537 334 582 375 sit
601 366 612 387 ,
645 346 736 374 cum
769 333 823 373 nil
855 333 955 375 aliud
972 333 1018 374 sit
1035 347 1151 388 quam
1187 333 1324 387 glacies
1349 335 1472 389 lique-

146 395 257 436 (aesta.
326 397 415 438 Nec
448 408 578 438 tamen
612 397 827 452 putandum
845 397 898 438 est
924 397 1232 451 congelationem
1260 411 1472 453 corporum

144 459 286 501 summi
318 461 468 515 frigoris
500 460 576 502 effe
606 462 801 503 criterium
823 477 831 502 :
867 463 1010 502 etenim
1036 461 1192 502 metalla
1222 462 1348 503 statim
1383 462 1472 517 post

144 522 458 578 liquefactionem
500 525 733 566 consolidata
767 526 851 566 sunt
883 527 1001 567 etiam
1041 526 1178 578 glacies
1209 525 1260 567 sui
1294 528 1441 579 generis
1459 558 1472 580 ,

144 586 230 627 sunt
263 598 395 629 tamen
426 591 481 629 ita
513 589 655 640 calida,
690 598 736 629 vt
768 602 935 643 corpora
968 589 1201 630 cambustilia
1234 589 1304 630 fibi
1337 590 1472 631 admo-

146 659 188 691 ta
254 653 474 693 accendant.
552 650 736 693 Ceterum
785 653 920 693 dantur
970 665 1136 707 corpora
1174 652 1290 695 fluida
1313 686 1327 708 ‚
1377 666 1474 708 quae

145 715 259 755 nullo
288 716 406 769 gradu
438 717 586 770 frigoris
617 717 780 769 cognito
823 716 1088 770 congelantur.
1162 718 1345 775 Quorum
1385 718 1472 760 flui-

144 778 244 820 ditas
276 781 460 833 quoniam
494 794 516 821 a
533 789 648 822 motu
679 779 877 821 calorifico
908 780 1164 834 proficiscitur
1197 782 1249 830 (§.
1274 779 1365 838 24.)
1404 795 1475 837 pa-

142 850 206 883 tet
234 843 348 896 igitur
388 843 502 885 fluida
541 845 607 885 illa
648 856 815 899 corpora
863 844 991 885 calore
1008 878 1020 897 ‚
1062 854 1371 899 quantuscunque
1410 846 1477 888 ille

142 905 191 948 fit
209 939 220 959 ‚
253 906 405 961 semper
435 909 611 962 gaudere.
680 907 803 948 Porro
836 919 1003 960 corpora
1035 907 1200 947 eundem
1229 909 1392 961 gradum
1411 921 1476 950 ca-

141 969 237 1011 loris
266 970 409 1012 habere
440 971 563 1012 solent
580 1004 593 1025 ,
624 983 705 1025 quo
737 971 954 1025 praeditum
996 970 1051 1012 est
1087 971 1263 1012 medium
1282 1004 1293 1024 ‚
1327 973 1369 1014 in
1396 985 1477 1027 quo

139 1033 209 1075 illa
241 1042 396 1089 tempus
429 1035 600 1077 notabile
632 1034 838 1081 versantur.
907 1031 1012 1075 Cum
1042 1047 1141 1076 vero
1174 1047 1239 1076 aer
1260 1035 1412 1090 semper
1435 1045 1478 1078 et

144 1098 288 1152 vbique
303 1099 442 1140 fluidus
474 1099 714 1152 obseruatur;
741 1099 912 1152 adeoque
937 1098 1082 1139 calidus
1101 1100 1188 1152 (per
1204 1098 1479 1157 demonstrata)

143 1161 296 1213 existit,
314 1164 449 1202 omnia
482 1174 576 1216 ergo
607 1173 793 1215 corpora,
819 1174 915 1215 quae
962 1160 1087 1201 ambit
1120 1161 1383 1216 atmosphaera
1407 1163 1483 1205 tel-

143 1224 245 1278 laris,
277 1225 361 1265 sunt
378 1225 501 1266 calida
517 1259 529 1279 ‚
562 1225 651 1266 licet
684 1224 843 1266 sensibus
868 1224 1001 1279 frigida
1026 1235 1268 1279 appareant3
1304 1227 1477 1282 adeoque

140 1287 313 1329 summus
344 1290 479 1344 gradus
516 1288 668 1345 frigoris
714 1289 756 1330 in
797 1288 918 1343 globo
958 1288 1104 1331 nostro·
1142 1298 1347 1344 terraqueo
1397 1304 1481 1333 non

140 1352 271 1394 datur.

297 1420 335 1469 ξ.
374 1426 446 1464 28.
482 1417 589 1462 Cum
622 1421 751 1476 itaque
781 1429 937 1463 motum
980 1419 1204 1463 intestinum
1240 1422 1482 1476 gyratorium

140 1483 349 1524 materiae*
369 1484 609 1526 cohaerentis
642 1485 790 1526 causam
825 1486 962 1526 caloris
1003 1481 1080 1525 effe
1114 1498 1137 1525 a
1169 1487 1290 1540 priori
1316 1487 1481 1528 demon-

145 1545 309 1588 stratum
340 1557 379 1589 et
411 1560 432 1589 a
447 1548 649 1602 posteriori
679 1548 953 1590 confirmatum
969 1549 1198 1602 habeamus3
1220 1550 1267 1590 ad
1284 1560 1483 1604 mentem,

145 1623 268 1664 quam
314 1613 495 1653 moderni
544 1612 769 1666 philosophi
820 1613 995 1667 plerique
1045 1613 1093 1653 de
1124 1613 1255 1653 calore
1308 1614 1450 1655 habent
1469 1648 1481 1668 ‚

145 1676 445 1717 examinandam
486 1678 760 1717 conuertimur.
838 1677 1040 1717 Tribuitur
1091 1676 1163 1717 hac
1208 1676 1335 1718 nostra
1384 1688 1485 1720 tem-

148 1737 294 1792 pestate
344 1740 480 1779 caloris
530 1743 637 1781 causa
697 1740 882 1795 peculiari
920 1741 1072 1781 cuidam
1123 1742 1306 1781 materiae
1322 1775 1335 1793 ,
1370 1755 1488 1796 quam

150 1800 327 1855 plerique
366 1801 597 1844 calorificam
617 1836 628 1856 ,
659 1806 813 1859 quidam
847 1804 1044 1846 aetherem
1065 1838 1077 1856 ,
1119 1817 1201 1844 non
1242 1805 1336 1846 nulli
1369 1807 1489 1847 etiam

148 1864 284 1917 ignem
317 1865 589 1907 elementarem
627 1869 831 1921 appellant.
901 1869 966 1909 Eo
1006 1878 1133 1909 autem
1177 1870 1302 1910 maior
1343 1871 1493 1923 quanti·

151 1936 210 1967 tas
249 1929 331 1969 eius
369 1931 408 1971 in
441 1944 672 1985 quocunque
712 1943 880 1986 corpore
919 1930 1044 1972 adeffe
1085 1933 1251 1984 dicitur,
1294 1946 1373 1987 quo
1405 1947 1494 1975 ma-

152 1990 216 2031 ior
248 1993 287 2032 in
322 2004 371 2033 eo
403 1994 508 2035 calor
542 1994 761 2036 obseruatus
778 2029 790 2047 ‚
826 1996 877 2036 ita
909 2005 955 2036 vt
999 2008 1072 2050 pro
1092 1995 1239 2037 diuerso
1274 1998 1389 2050 gradu
1428 2010 1493 2039 ca-

150 2053 248 2098 loris
277 2057 446 2100 eiusdem
477 2061 652 2115 corporis
693 2061 810 2101 etiam
853 2061 1041 2113 quantitas
1081 2060 1266 2101 materiae
1325 2061 1495 2103 calorifi-

767 2123 804 2166 E
821 2136 842 2164 e
873 2135 897 2172 3
1045 2168 1049 2172 ,
1427 2137 1496 2166 cae
