1820 2506
249 185 463 236 VARIAE
497 181 917 235 DEMONSTRAT
947 181 1249 235 G'EOMETR.
1363 179 1366 181 ’
1380 197 1436 243 57

629 304 917 366 Scholion.

262 396 297 446 ξ.
340 408 407 436 12.
452 394 601 437 Vltima
643 395 738 437 haec
779 395 943 439 formula
985 408 1060 452 pro
1092 396 1322 438 inuenienda
1356 408 1442 439 area

113 461 294 516 cuiusque
327 461 504 514 trianguli
535 461 588 501 est
617 462 793 502 maxime
827 471 922 502 nota
940 494 952 514 ,
986 474 1029 502 ac
1047 461 1276 516 plerumque
1309 463 1349 502 in
1363 462 1441 502 ele-

110 527 252 569 mentis
287 527 522 579 geometriae
554 521 652 566 tr'adi
684 526 779 566 solet
797 558 811 580 ,.
853 525 1001 567 etiamsi
1042 527 1122 567 eius
1162 526 1445 568 demonstratio

111 589 320 632 difficulter
352 602 423 643 per
455 589 645 635 elementa
677 589 821 631 confici
855 589 983 644 poffit.
1051 587 1197 632 Similis
1214 603 1370 645 quoque
1387 589 1440 631 fe*

112 667 155 696 re
194 653 321 708 regula
363 652 523 693 habetur
562 665 638 707 pro
678 665 764 694 area
805 655 986 708 cuiusque
1018 654 1262 709 quadrilateri
1292 654 1444 696 circulo

102 718 285 772 inscripti
317 717 546 758 inuenienda
565 749 575 769 ,
610 717 757 771 quippe
789 730 886 773 quae
919 719 1002 772 pari
1019 719 1145 760 modo
1178 717 1261 759 fatis
1280 720 1442 760 concin-

111 795 162 823 ne
195 795 266 836 per
298 781 374 821 sola
409 781 526 822 latera
559 782 731 835 exprimi
762 782 903 836 potest.
972 782 1068 824 Eius
1102 783 1257 838 quidem
1276 783 1442 824 demon-

111 847 241 888 stratio
258 879 270 899 ‚
304 845 332 887 fi
350 847 510 898 analysss
528 846 567 887 in
584 845 784 887 subsidium
817 855 981 888 vocetur
998 880 1010 900 ‚
1045 860 1126 888 non
1159 847 1214 888 est
1246 846 1413 887 difficilis
1428 880 1442 901 ‚

109 910 170 952 {ed
203 911 271 965 qui
302 922 535 951 eam more
567 911 676 964 apud·
701 908 936 953 Geometras
968 920 1129 965 recepto
1147 911 1334 951 adornare
1357 910 1445 952 fimt

109 976 244 1017 conati
261 1008 272 1027 ,
307 975 499 1016 maximas
533 974 688 1028 experti
720 974 805 1015 sunt
837 973 1085 1016 difficultates
1102 1008 1113 1028 ,
1147 972 1209 1016 Cl:
1242 974 1443 1030 quondam

113 1038 319 1082 Naudaeus
352 1051 433 1079 non
467 1051 605 1093 parum
639 1039 679 1078 in
712 1037 791 1080 hoc
822 1051 964 1093 genere
996 1038 1184 1080 laborauit
1199 1072 1211 1092 ‚
1238 1048 1287 1079 >et
1319 1039 1444 1093 gemi-

112 1116 203 1144 nam
245 1102 355 1144 huius
395 1115 549 1158 quoque
589 1103 742 1157 regulae
781 1103 1151 1144 demonstrationem
1194 1103 1359 1157 protulit
1399 1104 1443 1144 in

111 1165 225 1210 Misc.
261 1165 391 1208 Berol.
437 1180 577 1208 verum
619 1176 782 1222 Vtraque
815 1180 898 1209 non
928 1167 1050 1208 solum
1083 1168 1260 1208 maxime
1292 1167 1346 1208 est
1380 1168 1442 1208 in-

110 1230 247 1272 tricata
278 1238 318 1270 et
351 1230 600 1272 multitudine
631 1230 819 1273 linearum
851 1233 893 1273 in
926 1231 1048 1286 figura
1081 1231 1283 1273 dustarum
1324 1231 1442 1273 obru-

107 1303 151 1335 ta
170 1327 181 1346 ,
230 1304 277 1336 vt
317 1294 395 1337 fine
439 1294 585 1336 summa
626 1296 842 1336 attentione
882 1308 933 1336 ne
972 1296 1061 1349 capi
1100 1295 1259 1350 quidem
1294 1294 1411 1349 poffit
1428 1327 1443 1349 ,

112 1357 176 1400 sed
217 1359 335 1399 etiam
359 1358 503 1412 vbique
552 1359 669 1400 nimis
700 1358 892 1402 luculenta
931 1360 1091 1413 vestigia
1134 1358 1318 1409 analytici
1365 1358 1442 1400 cal-

111 1421 190 1464 culi
211 1421 433 1464 *offendunt
450 1455 461 1474 ‚
495 1421 602 1463 Mihi
636 1422 793 1479 quidem
833 1421 1073 1480 sequentibus
1111 1421 1444 1480 propositionibus

19 1495 21 1497 ’
111 1485 402 1542 praemittendis
435 1497 536 1544 opus
567 1487 634 1528 est.

587 1545 949 1608 Theorema„

263 1637 299 1686 §-
341 1645 410 1683 13.
460 1631 506 1678 Si
553 1636 796 1691 quadrilateri
845 1636 992 1682 circulo
1041 1635 1212 1691 inseripti
1259 1632 1387 1678 ABC
1396 1634 1439 1680 D

113 1699 196 1741 duo
227 1699 343 1741 latera
375 1700 443 1743 fibi
477 1701 657 1757 opposita
689 1700 793 1756 AB,
811 1700 900 1745 DC
931 1702 979 1743 ad
1012 1701 1211 1745 occursum
1240 1712 1362 1757 vsqne
1400 1702 1442 1745 in

116 1762 156 1806 E
181 1765 461 1820 producantur
504 1766 576 1806 erit
616 1778 702 1806 area
742 1767 873 1820 quadri
878 1767 984 1808 lateri
1017 1764 1198 1810 ABCD
1232 1766 1281 1809 ad
1315 1778 1442 1809 aream

116 1827 298 1884 trianguli
330 1826 456 1874 BCE
488 1837 534 1872 vt
566 1823 674 1871 AD
684 1825 812 1872 -BC
847 1832 895 1874 ad
937 1824 1050 1875 BC&

559 1889 1010 1953 Demonstratio

267 1977 369 2034 Quia
400 1986 482 2021 tam
516 1979 672 2032 ,angulus
705 1978 838 2026 BAD
871 1995 987 2036 quam
1011 1976 1146 2023 BCE
1179 1991 1270 2024 cum
1303 1979 1444 2038 angulo

121 2038 252 2087 BCD
272 2043 466 2085 constituit
500 2043 596 2084 duos
628 2045 766 2098 meros,
800 2045 874 2090 erit
907 2042 1441 2098 BAD:BCE‚s1mffi

124 2115 256 2160 terque
297 2104 656 2164 ADC1CBE,
697 2110 802 2152 vnde
844 2109 1031 2170 triangula
1070 2108 1208 2156 AED
1242 2120 1282 2153 et
1315 2108 1441 2154 CEB

182 2169 310 2215 Tem
345 2170 379 2214 1
767 2174 808 2219 H
1329 2183 1441 2218 eninr

1451 1609 1508 1652 ffig,
1531 1610 1565 1645 6,
