1820 2506
123 151 310 216 ,AQVAE
332 146 592 197 CALIDAE
609 149 683 208 „IN
702 149 853 196 AERE
871 148 1192 197 FRIGIDIORI
1203 153 1265 204 &a
1354 169 1411 198 20
1419 169 1444 209 ς

240 268 457 313 Barometri
503 271 664 314 altitudo
705 282 783 313 non
822 272 1038 314 mutabatur
1080 281 1258 329 tempore
1300 275 1449 330 experi-

124 336 261 377 menti.

271 400 308 450 §.
331 409 373 450 7.
406 398 518 442 Circa
549 400 646 442 haec
678 401 942 456 experimenta
973 401 1182 443 notandum

264 468 313 515 a)
346 464 462 506 Initio
481 498 492 518 ,
526 464 595 507 vbi
627 466 849 519 euaporatio
882 465 935 507 est
960 466 1157 507 celerrima
1190 472 1348 520 propter
1380 478 1444 508 ce-

118 527 296 570 leriorem
342 530 439 570 a’e‘ris
478 539 631 570 motum
675 542 763 570 cum
798 532 1067 584 euaporatione
1107 530 1357 571 coniunctum
1390 531 1447 573 bi-

118 592 268 634 lancem
311 591 476 634 oscillare
493 625 505 645 ,
546 603 591 633 vt
624 605 704 634 non
747 603 926 647 appareat
943 625 956 648 ‚
998 594 1148 649 quando
1181 593 1449 649 aequilibrium

123 657 341 699 restituatur.

271 719 319 776 b)
351 720 466 761 A'e‘ris
496 719 730 775 temperiem
765 733 844 762 non
879 728 1032 762 manere
1063 722 1297 764 constantem
1325 735 1448 777 neque

119 783 321 838 aequaliter
353 784 596 839 tranquillum
616 818 628 838 ‚
669 785 770 839 quod
804 794 930 826 tamen
963 787 1191 839 requiritur,
1224 786 1252 827 fi
1286 786 1448 827 calculus

118 848 247 889 allatus
272 848 401 890 locum
419 848 560 889 habere
577 849 701 889 debet.
755 848 855 890 Hinc
874 848 971 889 forte
989 861 1057 889 nec
1097 849 1328 890 differentiae
1354 850 1450 891 inter

117 914 349 967 temperiem
388 924 506 968 aquae
538 921 577 953 et
594 914 688 953 aeris
722 911 792 953 fizse
827 912 1018 965 logisticae
1050 912 1346 953 accommodant
1378 924 1446 953 ex-

116 975 224 1018 acte:
281 977 414 1019 Primo
453 976 710 1017 incommodo
750 976 1002 1030 imposterum
1043 976 1201 1016 obuiam
1239 976 1294 1016 ire
1328 985 1451 1018 tenta-

117 1040 172 1082 bo
211 1040 388 1082 machina
442 1039 604 1095 quadam
659 1040 921 1093 euaporationi
970 1039 1163 1081 destinata.
1231 1037 1448 1082 Secundum

116 1105 415 1146 incommodum
447 1103 646 1145 difficulter
678 1104 834 1144 tollitur.
902 1104 1080 1157 Apparet
1123 1113 1255 1144 tamen
1275 1134 1287 1155 ,
1332 1105 1448 1145 etiam

117 1166 213 1209 haec
253 1169 511 1222 experimenta
531 1198 543 1218 ,
586 1178 678 1219 quae
708 1167 848 1218 attuli,
889 1166 1015 1218 legem
1048 1167 1326 1220 euaporationis
1358 1167 1449 1208 alla-

120 1239 204 1274 tam
238 1231 476 1286 probabilem
511 1228 664 1271 reddere
682 1261 694 1282 ,
727 1238 767 1270 et
799 1229 865 1270 nifi
898 1231 1058 1284 parietes
1091 1229 1268 1270 vasorum
1302 1231 1448 1272 denfio-

118 1307 174 1337 tes
212 1303 253 1335 et
291 1307 456 1351 corpora
494 1294 755 1348 contingentia
803 1293 972 1334 denliora
1015 1305 1050 1333 e.
1096 1306 1133 1348 g.
1176 1293 1268 1339 lanx
1312 1290 1449 1336 diutius

119 1358 348 1402 retinuissent
377 1358 544 1399 calorem
578 1370 674 1412 aqua
690 1390 702 1410 ‚
728 1358 966 1398 decrementa
983 1358 1101 1397 etiam
1135 1357 1269 1398 caloris
1301 1356 1336 1398 se
1356 1372 1445 1413 pro.

119 1423 206 1478 pius
245 1421 550 1465 accommodaffe
590 1421 880 1475 logarithmicae
899 1455 909 1474 ,
959 1422 1019 1462 vti
1050 1433 1102 1461 ex
1139 1422 1413 1475 experimentis
1432 1455 1445 1475 ‚

117 1501 213 1541 quae
248 1489 296 1530 de
312 1487 556 1529 decremento
571 1485 705 1527 caloris
721 1486 1022 1538 communitam,
1048 1484 1128 1525 stitis
1162 1486 1291 1526 videre
1323 1486 1442 1527 licuit.

118 1549 224 1593 Cum
274 1551 429 1592 tandem
468 1550 554 1604 post
594 1551 903 1603 euaporationem
925 1581 938 1601 ,
974 1561 1041 1603 per
1074 1549 1310 1591 interuallum
1342 1558 1447 1591 tem-

119 1616 224 1671 poris
254 1613 394 1656 factam
425 1612 634 1669 superficies
666 1614 783 1655 totius
814 1612 951 1655 maffite
983 1613 1241 1666 euaporandae
1276 1622 1444 1655 mutetur

119 1689 159 1720 et
200 1679 328 1720 minor
370 1677 435 1719 fiat
476 1688 516 1719 et
550 1676 664 1719 maffi
705 1676 782 1731 ipfii
814 1678 936 1719 etiam
969 1678 1158 1718 minuatur
1176 1710 1187 1730 ,
1219 1677 1446 1719 decremen-

117 1752 228 1797 taque
236 1742 364 1783 caloris
373 1744 411 1783 in
428 1741 663 1796 temporibus
681 1743 803 1796 paruis
817 1741 1028 1796 aequalibus
1045 1740 1114 1781 sint
1124 1742 1163 1781 in
1171 1742 1316 1782 ratione
1332 1754 1444 1784 com-

119 1806 243 1861 posita
260 1818 311 1845 ex
329 1804 467 1846 direc'ta
485 1805 779 1847 differentiarum
805 1807 1079 1859 temperiemm
1099 1817 1213 1859 aquae
1231 1814 1269 1845 et
1287 1807 1383 1847 ae'ris
1402 1815 1444 1846 et

120 1869 395 1924 superficierum
408 1901 419 1921 ‚
447 1868 627 1922 simulque
652 1869 793 1910 inuersa
810 1870 1078 1921 voluminum,
1098 1878 1144 1909 vt
1162 1870 1202 1910 in
1219 1868 1298 1910 diff.
1317 1870 1367 1910 de
1384 1869 1446 1910 in-

122 1933 318 1988 quifitione
334 1933 565 1973 decrementi
582 1931 711 1973 caloris
727 1933 888 1985 ostendi,
914 1943 952 1973 et
968 1933 1106 1975 horum
1125 1933 1221 1973 ratio
1246 1934 1284 1973 in
1302 1932 1450 1974 calculo

122 2010 203 2038 non
220 1996 344 2037 habita
369 1996 431 2049 fit,
450 1996 614 2050 cogitare
632 1995 739 2048 licet,
765 1996 793 2038 fi
810 1996 928 2037 talem
957 2005 1183 2050 apparatum
1201 1996 1381 2039 adhibere
1398 1995 1443 2037 li-

125 2060 273 2112 cuisset,
295 2069 338 2100 vt
355 2059 493 2101 horum
511 2060 688 2102 omnium
705 2061 896 2101 rationem
922 2061 963 2101 in
981 2059 1122 2101 calculo
1146 2059 1286 2101 habere
1307 2061 1447 2115 potuis-

124 2124 219 2179 sem,
248 2123 366 2167 etiam
385 2123 571 2167 calculum
588 2122 712 2182 ipsum
729 2124 1006 2179 experimentis
1020 2123 1189 2170 exactius
1204 2123 1442 2181 respondifle.

721 2184 758 2230 C
774 2200 797 2231 c
832 2198 857 2239 a
1337 2186 1449 2231 ME-
