1820 2506
369 191 462 246 με
608 183 696 239 ’ΒΕ
727 188 907 239 MOTV
932 181 1231 238 NODoRVM
1263 191 1466 239 LVNAE

368 311 473 356 istius
504 309 611 366 plani
642 310 840 353 inclinatIO
872 310 920 352 ad
953 309 1172 366 eclipticam
1206 311 1259 353 est
1289 311 1500 366 variabilis,
1533 312 1685 368 alioque

373 386 553 429 tempore
585 375 708 416 maior
738 375 818 416 alio
849 376 980 416 minor
1011 375 1239 418 obstruatur.
1314 375 1423 417 Tum
1453 389 1548 418 vero
1596 377 1685 418 luna

374 442 414 482 in
448 439 516 480 ista
547 439 720 480 mutabili
751 439 881 480 semita
922 451 1047 494 neque
1080 445 1192 482 motu
1224 439 1408 481 vnifbrmi
1434 441 1684 493 progreditur,

376 515 500 557 neque
552 503 712 544 eandem
760 516 782 543 a
822 512 959 544 centro
1001 512 1123 544 terrae
1164 503 1283 544 seruat
1315 503 1527 545 distantiam
1546 537 1557 556 ,
1592 516 1687 557 quae

374 567 530 622 quidem
563 566 810 620 inaequalitas
841 579 994 621 quoque
1027 568 1067 607 in
1110 567 1279 621 planetas
1317 567 1517 621 primarios
1554 567 1687 620 cadit3

374 643 516 672 verum
552 643 643 671 cum
673 630 715 670 in
745 630 981 685 planetarum
1016 631 1151 672 orbitis
1183 643 1228 671 ea
1260 630 1402 685 puncta
1420 663 1431 683 ‚
1473 631 1513 671 in
1547 627 1689 685 {quibus

375 694 447 737 soli
480 693 562 734 sunt
591 693 659 734 vel
689 693 895 748 proximi,
929 694 993 735 vel
1028 695 1076 735 ab
1107 707 1156 735 eo
1186 695 1361 736 maxime
1393 694 1565 747 remoti,
1597 705 1690 733 con-

376 759 515 800 stanter
546 759 587 798 in
620 758 773 799 easdem
815 758 917 799 coeli
957 759 1131 811 regiones
1167 758 1405 811 dirigantur:
1449 759 1502 798 ita
1542 759 1692 798 ratione

375 823 496 876 longe
529 821 674 862 diuersa
706 834 749 862 ea
782 821 927 874 puncta
958 822 1103 861 orbitae
1133 820 1273 861 lunaris
1289 853 1301 872 ,
1334 834 1430 875 quae
1461 834 1484 861 a
1514 829 1609 861 terra
1627 819 1693 860 vel

376 886 553 929 maxime
592 885 659 925 vel
688 886 855 925 minime
891 885 977 925 sunt
1008 883 1128 926 diffita
1145 917 1157 937 ‚
1198 896 1279 925 non
1313 883 1503 939 quiescunt
1524 916 1536 936 ,
1568 893 1693 938 neque

377 949 497 991 etiam
532 948 720 989 minimae
753 949 830 989 eius
863 959 887 987 a
917 956 1016 988 terra
1048 948 1242 988 distantiae
1259 979 1271 998 ,
1304 948 1436 1002 quibus'
1467 948 1567 990 locis
1606 947 1694 988 lima

377 1012 420 1053 in
453 1012 636 1066 perigaeo
665 1011 802 1052 versari
835 1011 976 1052 dicitur
991 1043 1001 1063 ,
1036 1023 1173 1051 omnes
1200 1009 1287 1051 sunt
1316 1011 1416 1051 inter
1434 1011 1470 1050 se
1512 1010 1693 1064 aequales,

379 1088 504 1129 neque
537 1076 756 1126 maximae,
788 1074 924 1126 quibus
952 1074 1049 1113 locis
1077 1074 1167 1113 luna
1197 1074 1238 1113 in
1271 1085 1446 1128 apogaeo
1470 1074 1608 1115 versari
1638 1073 1693 1114 di-

376 1139 494 1189 citur,
528 1137 696 1190 hincque
712 1144 791 1176 tam
825 1135 1000 1176 distantia
1035 1136 1200 1188 perigaei
1231 1136 1294 1176 seu
1324 1138 1482 1190 apogaei
1515 1150 1538 1177 a
1569 1147 1666 1177 terra
1683 1170 1697 1189 ,

380 1213 497 1255 quam
531 1200 611 1240 eius
643 1199 752 1240 locus
782 1199 825 1239 in
859 1199 975 1240 coelo
1004 1199 1060 1240 est
1078 1198 1298 1252 variabilisz,
1331 1199 1548 1241 cuiusmodi
1565 1200 1698 1241 incon·

378 1264 517 1307 stantia
549 1265 590 1303 in
624 1263 735 1305 nullo
767 1263 919 1318 planeta
951 1263 1141 1317 primario
1171 1262 1483 1317 deprehenditur.
1553 1263 1701 1305 Praete·

384 1342 449 1370 rea
479 1340 633 1381 quoque
662 1336 791 1368 motus
821 1327 936 1368 lunae
974 1328 1024 1368 ab
1054 1339 1230 1381 apogaeo
1261 1326 1325 1367 vel
1357 1327 1541 1381 perigaeo
1572 1327 1700 1368 mobi-

384 1393 415 1436 li
448 1392 543 1432 nulli
576 1391 642 1432 tali
675 1391 863 1432 constanti
894 1390 971 1444 legi
1003 1391 1245 1444 adstringitur
1261 1424 1275 1444 ‚
1306 1392 1365 1430 vti
1396 1390 1444 1431 fit
1473 1393 1512 1431 in
1532 1391 1700 1444 planetis,

384 1456 449 1497 {ecl
482 1468 556 1510 pro
591 1456 727 1496 eadem
761 1455 810 1496 ab
840 1467 1015 1510 apogaeo
1047 1455 1291 1508 elongatione
1322 1454 1429 1495 locus
1457 1466 1571 1495 verus
1603 1467 1624 1493 a
1642 1454 1701 1494 l0‹

382 1532 438 1560 co
476 1519 612 1559 medio
650 1519 776 1560 modo
814 1520 933 1570 magis
974 1519 1100 1559 modo
1139 1518 1267 1558 minus
1303 1518 1497 1572 discrepat.
1574 1517 1704 1572 Quare

385 1596 477 1624 cum
509 1581 717 1622 astronomi
748 1582 796 1622 ad
827 1581 1115 1622 similitudinem
1155 1580 1392 1634 planetarum
1433 1581 1701 1636 primariorum

381 1646 498 1687 lunae
529 1656 686 1686 motum
721 1658 791 1700 per
822 1644 970 1697 ellipfin
987 1643 1262 1698 repraesentare
1293 1644 1441 1695 velint,
1474 1645 1514 1684 in
1531 1645 1636 1684 cuius
1651 1643 1702 1684 al*

389 1719 539 1751 terutro
568 1710 661 1750 foco
693 1716 868 1750 centrum
902 1718 1023 1748 terrae
1054 1707 1221 1748 versetur
1238 1740 1249 1759 ,
1281 1719 1361 1747 non
1395 1707 1519 1747 solum
1547 1708 1705 1760 positio-

390 1787 486 1815 nem
527 1773 637 1814 huius
666 1773 804 1828 ellipsis
835 1772 894 1813 seu
927 1771 1070 1812 lineam
1099 1771 1270 1824 apsidum
1304 1770 1490 1809 continuo
1530 1779 1705 1823 mutare>

389 1837 454 1879 sed
489 1838 605 1878 etiam
639 1840 717 1879 eius
749 1837 1051 1890 magnitudinem
1095 1843 1134 1874 et
1172 1832 1504 1873 excentricitatem
1545 1834 1704 1874 variabi-

392 1902 471 1943 lem
506 1901 661 1943 statuere
694 1903 779 1943 sunt
809 1900 948 1941 coacti.
1015 1899 1157 1953 Neque
1186 1910 1285 1937 vero
1315 1896 1431 1936 etiam
1466 1895 1543 1937 hoc
1584 1897 1708 1938 modo

392 1965 700 2020 inaequalitatem
733 1975 865 2006 motus
895 1964 941 2005 ad
973 1964 1132 2004 vnicam
1148 1960 1431 2002 correfflonem
1451 1993 1461 2011 ‚
1495 1972 1592 2013 quae
1607 1974 1629 2001 a
1649 1960 1707 2001 so-

394 2029 432 2069 la
465 2032 751 2071 excentricitate
786 2038 826 2069 et
860 2028 1070 2083 quantitate
1101 2025 1215 2066 fictae
1245 2024 1347 2064 istius
1386 2023 1525 2077 ellipsis
1565 2024 1707 2078 pende-

395 2101 455 2133 ret
472 2125 484 2145 ‚
514 2105 699 2133 revocare
731 2094 837 2134 licuit
853 2126 864 2144 ,
899 2092 959 2132 {ed
989 2091 1115 2145 plures
1148 2087 1297 2143 insuper
1335 2087 1478 2128 tabulas
1515 2089 1707 2143 aequatio·

1028 2173 1032 2175 ·
1614 2164 1709 2193 num
