1820 2506
910 140 1100 201 )(60)(

350 257 475 302 tenaci
508 263 633 299 totam
666 255 864 299 cauitatem
897 266 936 299 et
968 259 1100 299 omnia
1133 257 1209 297 eius
1240 254 1463 300 foraminula
1496 260 1542 302 ab
1569 272 1654 304 vno

350 324 480 366 osculo
519 323 566 363 ad
611 322 709 363 aliud
743 323 956 375 obsidente,
991 322 1094 362 rec'te
1127 320 1256 373 colligi
1289 321 1395 374 poffe
1427 325 1656 378 arbitratur,

352 398 503 429 vterum
546 396 819 440 praegnantem
860 385 1025 439 perfecte
1067 384 1227 424 clausum
1267 382 1342 424 effe
1361 418 1371 437 ‚
1420 400 1656 443 omnemque

351 453 467 505 igitur
501 450 700 491 introitum
732 450 796 490 vel
830 450 907 489 a'e'ri
944 449 1003 488 vel
1038 447 1096 487 alii
1138 448 1305 501 cuipiam
1346 448 1500 491 humori
1539 453 1657 492 dene-

353 517 433 568 gari
465 513 685 568 nullamque
718 514 758 554 in
790 512 987 564 systemate
1016 510 1256 552 vermiculari
1296 511 1658 567 superfoetationem

352 578 437 621 fieri
470 575 592 632 poffe,

470 643 503 692 §.
544 648 613 683 18.
649 639 829 680 Tandem
861 639 977 681 etiam
1009 639 1076 680 has
1109 638 1378 681 obseruationes
1408 642 1456 681 ad
1478 642 1661 683 illustran-

328 706 440 748 dam
475 705 672 746 historiam
713 705 918 745 ouulorum
970 702 1284 745 Nabothianormn
1323 704 1442 745 facere
1483 719 1662 747 comme-

354 779 510 821 morat,
545 769 723 821 suamque
755 768 1019 808 coniecturam
1051 767 1281 821 sequentibus
1299 770 1474 821 exponit.
1542 769 1662 825 Quod

354 835 551 875 arbitretur
592 832 675 872 istas
714 831 893 872 vesiculas
936 828 1199 874 Nabothianas
1240 843 1318 870 non
1359 830 1433 871 effe
1466 833 1666 886 particulas

354 898 550 951 organicas
590 904 651 936 aut
690 895 948 935 constitutiuas
991 895 1166 948 corporis
1204 894 1402 948 animalis,
1435 909 1514 936 non
1547 897 1664 950 igitur

354 960 430 1002 effe
464 959 575 1001 ouula
610 971 731 1012 neque
766 959 882 999 etiam
918 956 995 999 effe
1028 958 1225 1010 hydatides
1241 958 1437 999 morbosus
1457 992 1467 1011 ,
1502 960 1563 1000 sed
1581 957 1661 1000 effe

355 1013 575 1079 corpuscula
611 1023 721 1076 plane
760 1022 938 1074 fortuita,
977 1022 1234 1063 maceratione
1275 1030 1314 1060 et
1357 1024 1666 1064 contrectatione

354 1099 456 1130 nata.
526 1088 658 1143 Quam
692 1086 793 1127 sitam
825 1086 1084 1127 coniecturam
1119 1084 1331 1125 admodum
1366 1086 1490 1126 reddit
1523 1087 1665 1141 proba-

355 1152 475 1195 bilem
517 1160 557 1191 et
598 1149 797 1205 postquam
838 1150 975 1203 figuras
1017 1151 1109 1191 duas
1142 1147 1332 1203 (quarum
1364 1150 1479 1189 altera
1510 1159 1666 1191 vterum

355 1229 407 1257 ex
449 1215 612 1256 muliere
659 1214 866 1266 septimum
901 1212 1071 1254 mensem
1107 1213 1344 1265 praegnantis
1361 1211 1563 1254 secundum
1581 1214 1666 1254 lon-

357 1280 570 1334 gitudinem
603 1285 778 1330 apertum
797 1310 807 1328 ‚
842 1285 890 1317 vt
931 1278 1070 1316 cauit-as
1111 1276 1269 1315 interior
1310 1275 1472 1316 laterum
1491 1310 1502 1330 ,
1542 1276 1667 1318 craffi·

356 1344 451 1384 tudo
493 1352 530 1382 et
570 1341 666 1381 finus
705 1341 838 1380 venosi
878 1353 966 1380 cum
1008 1339 1220 1379 direecione
1260 1337 1439 1380 fibrarum
1480 1350 1637 1393 pateant
1654 1374 1669 1394 ,

356 1404 652 1460 comprehendit
670 1435 682 1453 ,
733 1403 849 1443 altera
898 1415 995 1443 vero
1046 1401 1232 1442 ceruicem
1283 1404 1384 1442 vteri
1434 1405 1670 1456 praegnantis

356 1480 529 1524 apertam
564 1479 656 1508 cum
690 1467 873 1520 portione
907 1466 1067 1519 vaginae
1098 1465 1187 1506 sistit
1207 1462 1251 1519 ,)
1293 1466 1526 1521 explicuerat
1546 1499 1557 1519 ‚
1597 1467 1669 1508 dis-

357 1532 547 1575 sertationi
580 1530 671 1571 huic
706 1530 871 1570 eruditae
903 1528 1023 1572 finem
1056 1529 1237 1583 imponit.

359 1656 405 1695 A.
433 1654 478 1692 K.
505 1652 803 1691 BOERHAAVE
819 1678 828 1695 ‚
856 1652 1085 1690 HISTORIA
1114 1652 1403 1691 ANATOM'ICA
1428 1653 1538 1692 OVIS
1571 1652 1669 1692 PRO

701 1701 1120 1740 HERMAPHRODITO
1148 1703 1323 1741 HABITL

359 1788 528 1904 Dum
581 1795 854 1852 Celeberrimus
913 1798 1064 1840 Auc‘tor
1104 1799 1144 1839 in
1185 1796 1466 1840 diffeecionfbus
1510 1799 1668 1839 cadaue-

495 1875 579 1902 rum
630 1863 903 1916 saepenumero
920 1896 931 1915 ‚
983 1873 1063 1905 tam
1096 1864 1137 1903 in
1172 1863 1380 1904 masculino
1400 1896 1411 1915 ,
1444 1876 1556 1916 quam
1590 1862 1674 1903 foe·

362 1926 514 1965 minino
548 1926 637 1965 sexu
670 1926 842 1967 institutis
861 1959 871 1979 ,
906 1929 1110 1981 praecipue
1144 1936 1305 1967 attentus
1337 1926 1407 1966 fuit
1439 1927 1487 1966 ad·
1528 1938 1672 1980 corpo·-

361 1989 413 2029 ris
444 1989 599 2030 humani
619 2022 629 2040 ‚
662 1992 785 2042 quoad
820 2000 942 2044 partes
983 2001 1158 2031 externas
1199 1991 1236 2029 in
1270 2002 1407 2043 genere
1427 2023 1438 2041 ,
1478 1989 1673 2043 speciatim

359 2060 488 2094 autem
529 2052 578 2093 ad
618 2054 841 2107 genitalium
885 2063 923 2095 et
961 2054 1230 2111 pudendorum
1273 2053 1523 2095 diuersitatem
1551 2086 1561 2106 ,
1599 2054 1676 2093 vix.

1598 2128 1671 2158 mi-
