1820 2506
459 181 531 233 ΙΝ
561 183 601 231 F
602 180 708 231 OD]
711 184 753 228 N
754 184 777 227 Ι
778 184 810 227 S
851 181 1180 231 OBSERVATO
1389 197 1446 235 27
1455 197 1478 236 ς

590 301 976 361 Corollarium
1001 324 1048 378 3.

313 393 348 441 ξ.
389 403 460 439 23·
497 392 599 433 Vere
642 402 681 433 et
714 403 901 444 autumno
921 426 932 445 ‚
966 392 1119 447 quando
1151 390 1267 444 frigus
1307 398 1346 430 et
1379 387 1486 429 calor

160 456 363 509 lunantur,
397 470 459 497 aer
490 466 670 498 externus
701 466 785 497 tum
818 457 976 498 calidior
1007 466 1090 498 tum
1121 455 1289 509 frigidior
1321 453 1490 496 redditur

163 523 317 562 interno
335 554 346 574 ,
383 522 447 575 qui
480 522 625 562 fodinas
664 531 831 575 occupat
849 555 859 574 ,
902 522 1070 575 adeoque
1111 519 1157 561 fit
1197 528 1362 559 externo
1403 527 1488 558 tum

163 585 337 639 specifice
369 585 490 625 leuior
508 617 518 637 ,
556 594 640 625 tum
670 587 834 638 grauior.
900 585 1050 626 Mirum
1084 585 1199 638 igitur
1228 596 1309 623 non
1343 582 1396 622 est
1429 581 1491 622 his

163 650 253 690 anni
288 649 569 702 tempestatibus
601 658 755 688 motum
788 648 886 689 illius
919 650 1206 703 quatuordecim
1240 648 1389 688 dierum
1415 647 1492 686 cir-

166 715 263 754 citer
293 713 412 766 spatio
446 712 641 753 contrariis
677 712 949 754 direffionibus
966 713 1139 755 fondinas
1157 712 1376 754 alternatim
1400 723 1490 766 per·

165 789 288 820 meare

628 837 918 898 Scholium
973 865 1015 899 1.

315 926 351 975 ξ.
391 940 460 978 24.
498 927 610 969 Hanc
662 928 855 970 theoriam
896 929 943 969 de
986 927 1080 968 aeris
1128 935 1245 967 motu
1277 925 1494 979 spontaneo

166 991 207 1032 in
244 989 381 1032 fodinis
415 1004 495 1031 non
530 991 707 1031 inutilem
743 991 823 1032 fore
856 993 1083 1033 arbitramur
1116 990 1313 1045 praefeecis
1346 987 1496 1029 fodina-

158 1052 252 1096 'rum
305 1064 344 1096 et
384 1053 598 1096 sofforibfis.
653 1056 814 1097 Etenim
844 1054 858 1112 (
883 1057 910 1097 fi
945 1056 1128 1097 locorum
1163 1055 1252 1096 situs
1311 1049 1492 1108 patitur)

165 1120 321 1173 puteis,
356 1121 537 1160 cuniculis
569 1129 608 1159 et
640 1118 739 1160 foffis
772 1133 814 1159 ea
847 1122 995 1160 ratione
1031 1120 1175 1170 duetis,
1210 1119 1252 1159 hi
1285 1117 1494 1168 laboribus,

164 1183 223 1224 illi
270 1183 477 1235 sumptibus
517 1195 671 1236 parcere
711 1181 898 1237 possunt:
941 1183 1126 1237 fiquidem
1177 1183 1221 1222 ad
1272 1180 1496 1222 construen-

168 1246 231 1286 das
263 1245 457 1286 machinas
488 1247 767 1300 pneumaticas,
801 1248 847 1288 ad
872 1260 1006 1301 easque
1046 1247 1256 1288 monendas
1274 1279 1284 1298 ‚
1329 1253 1495 1299 propter

169 1323 297 1350 aerem
322 1310 567 1352 subterraneis
601 1311 807 1365 vaporibus
848 1312 1029 1353 infectum
1062 1311 1341 1366 expellendum
1361 1342 1372 1362 ,
1414 1320 1497 1350 non

167 1376 308 1429 exigua
338 1377 499 1431 pecunia
532 1385 571 1417 et
612 1388 732 1430 opera
773 1376 1019 1430 impenditur.

636 1434 929 1496 Scholium
973 1459 1020 1512 3.

319 1526 354 1574 §.
394 1537 418 1564 2
427 1536 466 1575 ς.
503 1525 592 1568 Nec
626 1527 666 1566 in
700 1525 973 1580 phaenominis
1003 1540 1131 1568 rerum
1164 1525 1389 1568 naturalium
1425 1519 1501 1565 exj

169 1587 358 1643 plicandis
390 1602 470 1630 non
503 1591 626 1645 aliqua
658 1591 750 1631 hinc
784 1605 903 1646 opera
934 1592 1133 1646 expectari
1165 1592 1304 1646 potest.
1372 1588 1501 1630 Atha-

173 1653 291 1693 nasius
322 1654 524 1695 Kircherus
555 1657 595 1696 in
629 1654 785 1698 Mundo
817 1657 882 1697 suo
912 1656 1153 1697 subterraneo
1186 1655 1298 1697 refert
1316 1688 1327 1708 ‚
1361 1653 1440 1694 dari
1459 1653 1500 1693 in

169 1715 280 1758 Italia
317 1719 495 1772 quasdem
537 1720 758 1774 speluncas,
803 1734 897 1776 quae
938 1723 1051 1761 certis
1090 1721 1180 1761 anni
1218 1717 1502 1774 tempestatibus

176 1786 307 1823 aerem
347 1781 541 1823 effimdunt
584 1795 623 1825 et
664 1787 704 1826 in
742 1787 840 1839 agris
880 1786 1021 1826 vicinis
1058 1794 1221 1826 ventum
1254 1783 1469 1838 producunt
1489 1812 1500 1833 ,

175 1844 276 1948 quo?
309 1846 524 1900 propositae
568 1847 676 1892 huius
718 1849 892 1893 theoriae
943 1850 1092 1894 auxilio
1142 1848 1341 1893 dilucidari
1390 1842 1501 1902 posse

172 1919 248 1949 cen
265 1921 382 1951 emus.

746 2109 900 2154 Mmz
1421 2107 1501 2150 DE
