1820 2506
311 129 782 215 OBSERVATIONES
817 151 1212 213 ANATOMICAE
1347 178 1432 220 372

118 298 307 331 concreta.
337 290 469 343 Hepar
484 302 658 331 connexa
676 289 736 329 sua
754 297 837 329 tota
850 288 1044 342 ffipeficie,
1075 288 1190 329 etiam
1206 285 1267 328 illa
1293 294 1403 340 parte
1420 319 1434 339 ‚

116 365 196 407 qua
228 363 395 394 ceterum
415 353 577 393 liberum
596 387 606 405 ‚
639 353 886 407 diaphragma
901 365 970 405 per
985 351 1168 392 reflexam
1187 352 1289 392 suam
1306 363 1435 391 mem-

126 416 281 458 branam
322 429 534 457 concauum
573 419 705 471 tangit.
759 417 858 457 Lien
891 416 1025 456 itidem
1068 425 1174 470 parte
1206 417 1265 456 sua
1306 415 1433 469 supre-

123 493 189 521 ma
229 493 318 521 cum
335 481 630 534 diaphragmate,
649 481 859 534 posteriore
891 492 981 520 cum
1013 481 1238 533 peritoneo,
1274 480 1435 520 anterio-

126 557 167 584 re
200 544 258 584 sua
292 557 457 584 concaua
498 558 589 584 cum
629 545 744 585 fundo
794 544 998 585 ventriculi
1039 543 1251 584 finniffime
1297 541 1441 583 cohae-

126 608 269 648 rebant.
314 607 445 647 Vefica
488 609 649 647 vrinaria
683 610 721 647 in
756 608 833 648 hoc
876 620 1041 661 corpore
1074 620 1223 661 magna,
1255 607 1360 660 supra
1393 618 1441 646 os

126 671 234 723 pubis
268 671 418 710 extensa
449 671 496 710 ad
528 672 700 711 mediam
733 673 832 711 inter
858 672 1002 724 pubem
1043 680 1084 711 et
1124 671 1349 711 vmbilicum
1384 669 1440 710 al-

126 735 349 784 titudinem,
368 735 411 774 ad
429 734 545 774 latera
571 735 650 785 sua,
668 734 731 775 sed
746 736 919 788 inprimis
933 735 979 774 ad
996 734 1153 775 fundum
1172 768 1183 788 ,
1216 745 1295 774 erat
1310 734 1442 774 iuncta

127 810 216 846 cum
278 798 687 849 superincumbentibus
732 799 926 838 intestinis.
1002 796 1131 838 Colon
1174 799 1355 839 intestinis
1403 806 1443 837 et

125 859 264 900 lumbis
295 861 543 915 vndequaque
576 872 655 903 erat
688 873 890 903 accretum.
959 861 1006 903 In
1039 863 1198 915 pectore
1240 862 1444 902 Pulmones

116 930 218 964 ‘cum
252 925 477 964 membrana
494 926 691 966 thoracem
725 926 983 978 succingente‚
1015 925 1081 965 vbi
1106 925 1167 964 illa
1189 925 1297 978 supra
1323 924 1444 963 costas

127 996 169 1027 et
187 1000 410 1029 conuexum
430 988 675 1041 diaphragma
709 989 927 1029 extenditur
945 1020 956 1040 ,
992 997 1030 1028 et
1060 1001 1153 1028 cum
1195 987 1411 1042 pericardio
1429 1019 1441 1039 ,

126 1050 383 1106 cohaerebant
422 1051 642 1092 firmiffime.
708 1052 958 1102 Pulmonem,
991 1053 1169 1092 dextrum
1199 1053 1354 1092 vomica
1373 1051 1445 1092 ob-

128 1115 300 1163 fidebat,
340 1115 430 1155 hinc
464 1117 503 1154 in
534 1116 678 1155 fizccum
722 1128 815 1168 pure
863 1116 1020 1168 plenum
1061 1116 1138 1154 fere
1180 1124 1304 1155 totum
1347 1128 1444 1155 con-

129 1178 293 1217 versum.
331 1175 413 1217 Cor
446 1178 597 1218 interim
630 1179 668 1217 in
702 1179 914 1232 pericardio
944 1179 1106 1218 liberum
1138 1191 1214 1218 vna
1247 1191 1338 1219 cum
1374 1178 1445 1218 suis

132 1241 226 1280 vasis
258 1242 393 1295 copiae
411 1241 584 1282 humoris
617 1242 828 1282 subrubello
860 1242 1090 1282 flauescentis
1108 1243 1312 1282 innatabat.
1350 1239 1446 1282 Cra-

132 1306 200 1345 nio
233 1316 368 1358 aperto
418 1307 644 1358 meninges,
677 1307 884 1347 disiunctae
918 1314 957 1345 et
988 1306 1130 1346 cerebri
1156 1305 1362 1347 ventriculi
1379 1318 1447 1347 na-

129 1369 301 1410 turaliter
334 1370 495 1409 cauitate
527 1370 687 1409 distin&
713 1404 721 1411 ,
755 1380 879 1409 cetera
920 1370 1002 1410 sana
1035 1378 1152 1410 erant.

222 1471 226 1475 .
281 1433 427 1473 Omnes
460 1442 586 1473 anmi]
626 1434 659 1469 1⁷³2
751 1434 1018 1473 =.:r*›2·-‚cretiones
1050 1442 1159 1474 erant
1208 1431 1301 1489 (vti
1352 1443 1444 1475 tunc

135 1498 319 1549 temporis
353 1498 497 1536 Amin·-
526 1498 599 1536 1bub
634 1495 818 1551 exhibui)
853 1509 924 1550 per
963 1498 1203 1538 membranas
1251 1499 1448 1550 extensas,

134 1572 231 1612 quae
253 1592 263 1609 ‚
298 1572 349 1599 ex
368 1561 598 1608 stupha-sura
630 1570 852 1610 concretae,
888 1560 1060 1599 tenacula
1093 1559 1309 1601 efficiebant
1327 1560 1449 1615 splen-

137 1624 261 1662 dentia
282 1637 306 1674 ,*
326 1626 474 1662 ratione
505 1624 670 1677 partium
708 1635 745 1663 et
778 1624 973 1664 distantiae
1007 1634 1280 1664 concretorum
1325 1626 1450 1665 maio-

140 1699 208 1736 ra7
243 1688 469 1738 minorane,
502 1687 626 1740 quaha
667 1687 743 1727 fere
785 1688 972 1728 cernimus
1011 1687 1129 1727 colon
1165 1688 1384 1729 intestinum
1405 1688 1452 1729 ad

140 1752 384 1804 peritoneum
419 1752 674 1802 coniungere,
716 1752 855 1791 eiidcm
890 1751 1022 1790 inserta
1045 1784 1055 1802 ,
1091 1753 1128 1790 in
1180 1751 1273 1791 illud
1315 1752 1452 1792 abeun-=

139 1813 192 1851 tia
211 1845 220 1862 ,
255 1822 292 1854 et
324 1813 537 1852 naturaliter
570 1813 777 1866 suspensum
812 1816 1013 1854 retinentia
1032 1848 1042 1867 ,
1079 1816 1144 1855 vbi
1188 1815 1344 1855 flexuris
1385 1815 1454 1855 fiiis

139 1875 187 1915 ad
223 1885 262 1916 et
296 1876 496 1916 descendit.
565 1876 672 1917 Inter
704 1880 771 1918 has
802 1879 1084 1931 duplicaturas‚
1120 1879 1213 1919 dum
1260 1879 1454 1919 descinde-

143 1939 276 1978 bantnr
295 1972 306 1991 ‚
339 1940 485 1993 semper
520 1941 724 1994 apparebat
754 1952 960 1982 contextus
992 1943 1195 1982 reticulatis
1237 1944 1298 1983 scu
1336 1942 1454 1982 cellu-

144 2002 272 2053 loffls,
307 2004 454 2055 qualem
486 2014 525 2044 et
559 2004 709 2058 semper
742 2006 953 2045 inuenirnus
986 2006 1085 2046 inter
1118 2017 1340 2047 concretum
1363 2019 1452 2047 cum

149 2067 369 2111 membrana
403 2066 568 2109 thoracis
601 2069 746 2109 interna
782 2070 1038 2124 pulmonem,
1073 2071 1166 2113 dum
1199 2071 1245 2112 ab
1268 2071 1332 2112 illa
1352 2070 1453 2112 hunc

706 2132 743 2177 Α.
764 2146 785 2173 a
804 2147 824 2174 a
855 2146 877 2173 2
1199 2140 1205 2145 ’
1350 2134 1454 2181 lena*
