1820 2506
373 198 398 226 2
408 199 424 224 1
438 191 461 227 8
838 181 1282 230 ΜΕΒΙΤΑΤΙΟΝΕ8

373 304 464 358 stab,
486 302 691 358 particulae
710 303 822 357 igitur
856 305 1045 357 grauiores
1078 302 1270 343 difficilius
1300 304 1434 345 eadem
1468 306 1510 345 vi
1544 307 1583 346 in
1603 317 1714 347 mo·-

373 377 457 409 tum
517 367 753 408 calorificum
823 370 1038 408 excitantur
1063 400 1075 419 ,
1127 367 1193 407 vel
1241 376 1373 408 motae
1428 371 1662 410 retardantur
1679 403 1692 422 ,

374 445 490 485 quam
532 445 628 486 quae
670 432 831 471 leuiores
870 432 963 471 sunt.
1029 431 1177 472 Iterum
1210 444 1303 484 ergo
1337 431 1576 485 perspicuum
1610 434 1662 475 est
1679 464 1691 486 ,

375 508 442 535 cur
476 500 639 549 corpora
673 493 804 548 frigida
836 495 1010 549 specifice
1043 497 1216 548 grauiora
1233 496 1273 535 in
1293 494 1432 535 eodem
1450 498 1578 537 medio
1595 499 1694 539 cale—

373 558 535 611 faciente
576 560 712 599 tardius
754 558 927 600 calefiant
943 593 956 612 ‚
994 560 1115 600 calida
1156 572 1254 600 vero
1296 560 1337 598 in
1381 560 1520 600 eodem
1559 562 1692 603 medio

372 622 511 677 frigido
545 624 681 664 tardius
714 621 975 676 refrigerentur
993 657 1005 677 ‚
1038 637 1155 678 quam
1184 622 1359 678 specifice
1389 623 1544 663 leuiora.

180 686 323 725 phaenom.
338 696 366 718 ¹1
513 688 533 736 §
572 700 640 726 22.
678 686 895 729 Duriorum
927 701 1137 742 corporum
1170 687 1367 743 particulas
1399 686 1530 728 fortius
1555 687 1695 730 cohae-

375 763 460 791 rere
478 765 596 805 quam
626 752 854 792 molliorum
872 785 884 805 ,
919 763 1068 793 certum
1102 752 1166 793 est.
1234 751 1333 793 Inde
1371 764 1468 792 vero
1500 748 1698 806 ampliori-

378 815 443 855 bus
477 815 595 869 planis
626 815 826 856 commus
866 817 1015 857 easdem
1047 817 1153 869 iungi
1180 815 1286 856 >haud
1313 816 1571 869 incongruum
1587 816 1697 858 vide-

376 888 448 919 tur.
514 879 593 919 Pro
611 880 756 919 ratione
771 892 870 920 vero
894 880 1100 933 planorum
1133 879 1330 920 contaetus
1362 879 1476 920 etiam
1503 880 1699 933 particulas

377 942 473 995 ipsas
503 942 690 982 crafiiores
722 941 799 982 effe
830 953 1013 996 oportere
1043 943 1345 997 probabili‘adeo
1364 940 1584 984 coniecrura
1602 956 1699 985 con-

376 1006 600 1059 sequimur,
650 1005 729 1045 hoc
777 1006 832 1046 est
869 1019 1082 1060 corporum
1125 1007 1322 1047 duriorum
1371 1007 1572 1060 particulas
1622 1006 1698 1048 effe

374 1069 486 1111 mole
505 1071 670 1110 maiores
702 1069 764 1122 iis⁷
798 1083 894 1123 quae
910 1070 1089 1111 molliora
1106 1070 1350 1111 constituunt.
1376 1070 1558 1123 Accedit,
1594 1071 1698 1125 quod

373 1134 579 1173 duriorum
617 1136 830 1184 corporum
870 1134 1077 1184 particulae
1116 1134 1341 1186 plerumque
1363 1135 1422 1174 ¹ad
1451 1135 1599 1175 tactum
1631 1136 1700 1176 sint

377 1195 531 1250 asperae
559 1199 686 1249 ⁴atque
726 1195 824 1249 adeo
865 1193 1022 1236 sensibus
1058 1195 1335 1236 craffitudinem
1367 1194 1471 1236 ‘suam
1505 1196 1702 1239 exerant?

380 1261 582 1317 Quoniam
613 1261 739 1300 autem
778 1262 943 1313 corpora
981 1260 1135 1300 maioris
1168 1259 1378 1299 voluminis
1395 1292 1406 1312 ,
1457 1261 1588 1301 ceteris
1633 1274 1698 1315 pa-

382 1325 483 1366 ribus
501 1357 511 1375 ,
542 1322 743 1364 ‘difficilius
768 1335 834 1364 rex
864 1325 993 1377 quiete
1031 1325 1070 1363 in
1102 1333 1254 1365 motum
1295 1324 1451 1366 excitari
1471 1357 1482 1376 ,
1518 1336 1556 1365 et
1587 1334 1699 1366 mota

378 1389 562 1430 retardari
601 1391 716 1442 atque>
751 1387 922 1428 cohiberi
962 1386 1118 1441 poffunt
1136 1420 1147 1439 ‚
1194 1400 1310 1441 quam
1360 1388 1544 1442 minora;
1596 1389 1701 1429 vnde

384 1452 577 1494 crassiores
617 1452 819 1507 particulae
867 1452 1063 1493 duriorum
1103 1464 1312 1505 corporum
1345 1450 1445 1492 haud
1479 1461 1558 1492 tarn
1591 1451 1700 1493 facile

383 1515 625 1557 calorificum
666 1525 822 1557 motum
853 1525 892 1555 et
922 1517 1112 1569 recipiunt
1141 1526 1179 1556 et
1208 1516 1427 1556 ammittunt
1444 1549 1455 1567 ,
1487 1529 1601 1570 quam
1620 1516 1700 1556 sub-

383 1581 523 1621 tiliores
563 1579 804 1620 molliorum.
870 1578 969 1620 Non
1009 1580 1156 1619 abscure
1188 1579 1299 1632 igitur
1340 1578 1431 1619 hinc
1457 1579 1595 1633 ‘colligi
1626 1592 1701 1633 po-

383 1644 452 1685 test
492 1645 588 1684 ratio
607 1676 618 1695 ,
652 1656 719 1683 cur
751 1643 901 1683 duriora
934 1655 1096 1697 corpora
1129 1642 1175 1682 ad
1201 1642 1369 1682 calorem
1403 1643 1699 1696 concipiendum

384 1717 422 1749 et
449 1707 701 1749 amittendum
727 1707 809 1746 sunt
833 1708 998 1748 tardiora
1018 1740 1031 1759 ,
1060 1719 1177 1761 quam
1194 1705 1271 1757 illa,
1290 1718 1384 1759 quae
1400 1706 1581 1747 molliora
1599 1706 1695 1748 sunt.

533 1773 568 1821 §.
594 1782 666 1818 23.
696 1771 905 1811 Particulae
937 1782 1145 1825 corporum
1180 1769 1389 1809 calidorum
1420 1771 1603 1823 quoniam
1629 1784 1700 1824 gy-

386 1837 535 1889 rantur,
579 1835 717 1876 ratiOni
768 1836 894 1889 itaque
953 1836 1250 1876 conientaneum
1291 1832 1343 1872 est
1362 1866 1372 1884 ,
1406 1846 1464 1873 eas
1497 1836 1612 1874 motis
1626 1835 1700 1875 -su-

386 1900 607 1955 perficiebus
637 1899 706 1939 suis
737 1899 776 1939 in
805 1898 844 1939 se
877 1900 1043 1940 inuicem
1084 1910 1205 1951 agere,
1239 1897 1407 1950 adeoque
1447 1909 1698 1952 viiamquam-

385 1977 459 2018 que
492 1965 540 2004 ab
573 1963 647 2004 alia
676 1963 743 2004 fibi
775 1964 898 2003 vicina
929 1963 1023 2018 pelli
1043 1996 1055 2015 ,
1088 1974 1141 2002 eo
1171 1961 1332 2013 fortius5
1360 1973 1438 2013 quo
1471 1974 1602 2002 motus*
1629 1975 1699 2015 gy·

385 2030 545 2068 ratorius
570 2027 639 2068 vest
678 2028 882 2080 pernicior.
952 2028 1056 2069 Huic
1097 2023 1301 2078 repulsioni
1333 2025 1515 2077 quoniam
1548 2035 1697 2065 contra-

388 2091 445 2132 ria
475 2091 531 2132 est
560 2091 739 2133 cohaesio
778 2091 1045 2146 particularum
1065 2121 1080 2142 „
1117 2089 1157 2130 id
1185 2088 1290 2129 circo
1323 2099 1402 2129 vna
1433 2100 1562 2130 earum
1595 2089 1699 2128 alteri

1543 2153 1703 2206 derogat

194 1807 330 1848 phaenom.
342 1816 376 1840 12
