1820 2506
135 192 218 235 DE
227 187 442 236 ACTION
444 189 481 231 E
489 189 546 230 M
546 189 656 233 ENS
660 184 775 232 TRV
771 184 890 232 ORV
888 184 944 232 M
963 185 1184 231 CHYMIC
1185 186 1306 232 ORV
1305 188 1361 230 M
1363 199 1458 239 >24⁵9

135 310 260 351 trescit
277 342 288 362 ,
333 320 451 363 poros
491 307 664 363 cupellae
704 316 822 364 prout
861 308 1035 362 corporis
1074 309 1193 348 etiam
1225 305 1462 348 vitrescibilis

135 381 175 416 et
215 374 305 414 ideo
343 373 411 415 fibi
452 372 690 427 homogenei
728 381 901 428 penetrat
919 404 931 425 ,
964 382 1076 427 atque
1106 372 1239 413 omnia
1272 383 1368 426 quae
1399 374 1456 412 vi-

134 436 349 479 trefadtioni
399 437 571 478 obnoxia
612 437 696 478 sunt
713 470 724 489 ,
769 436 896 478 secum
936 437 975 477 in
1009 449 1075 477 eos
1113 436 1274 478 inuehit.
1342 435 1460 477 Vnde

132 504 276 544 mirum
331 514 412 541 non
473 501 526 542 est
556 534 568 553 ,
626 515 761 542 aurum
821 510 859 542 et
910 510 1113 554 argentum*
1160 503 1260 541 intra
1312 501 1459 541 cineres

133 566 308 620 cupellae
342 567 468 606 minus
501 566 676 618 ingredi,
720 579 809 606 cum
851 578 1046 619 nunquam
1090 564 1318 606 vitrescant.-

286 630 320 678 §.
351 641 419 667 10.
442 629 641 684 Quoniam
659 630 774 682 igitur
791 629 1103 683 homogeneitas,
1122 641 1195 682 qua
1213 626 1396 682 ingreffus
1414 628 1461 670 li-

133 694 339 748 quidorum
372 693 413 732 in
454 692 572 732 solida
599 691 799 733 facilitatur
816 707 830 745 ‚·
860 693 1028 733 consistit
1062 694 1102 733 in
1128 692 1324 733 identitate
1349 693 1463 747 ipsius

134 758 315 798 materiae
332 789 343 808 ,
396 755 524 796 frustra
575 754 660 796 sane
711 758 809 797 ratio
828 789 839 809 ,
881 756 934 797 ob
976 770 1090 812 quam
1130 766 1232 797 certa
1271 758 1459 811 quaedam

133 821 326 862 menstrua
342 819 612 860 soluendorum
631 833 839 874 corporum
861 834 979 874 poros
995 821 1102 861 fi1cile
1120 821 1397 874 ingrediuntur,
1417 822 1458 861 in

130 885 236 939 poris
260 884 364 938 ipfis,
382 884 459 924 hoc
485 883 539 924 est
566 896 646 924 non
672 886 710 924 in
729 886 885 925 materia
902 917 913 936 ,
937 886 1145 938 quaeritur,
1172 897 1261 924 cum
1287 886 1375 938 pori
1403 884 1457 924 nil

129 949 235 990 aliud
270 949 343 989 smt
361 980 373 1001 ⁷
403 961 516 1002 quam
548 946 708 1001 spatiola
741 948 789 988 ab
822 948 898 1000 ipsa
924 948 1080 987 materia
1113 948 1287 1000 corporis
1321 960 1450 987 vacua.

284 1014 306 1063 §
350 1025 417 1051 11.
456 1009 560 1052 Cum
592 1011 720 1065 itaque
752 1011 830 1051 fere
865 1012 1027 1064 omnia,
1063 1023 1158 1065 quae
1192 1011 1377 1051 hactenus
1408 1012 1458 1052 de

127 1076 241 1118 causis
272 1076 508 1118 solutionum
560 1076 649 1116 alias
699 1076 894 1129 proposita
925 1076 1008 1115 sunt
1027 1108 1038 1128 ‚
1074 1074 1173 1116 haud
1206 1075 1325 1116 firmo
1359 1076 1457 1130 pede

129 1143 295 1184 nitantur
313 1174 324 1192 ,
367 1142 456 1180 ideo
499 1152 578 1179 non
614 1139 747 1178 inutile
789 1138 870 1178 fore
902 1140 1154 1178 iudicauimus
1173 1171 1184 1190 ‚
1218 1150 1263 1179 vt
1297 1141 1456 1193 experi-

129 1206 268 1247 mentis
303 1202 506 1255 Chymicis
538 1211 576 1242 et
607 1202 775 1254 Phyficis
794 1235 803 1253 ‚
838 1214 935 1255 quae
969 1202 1014 1242 ad
1048 1202 1319 1255 explicandam
1355 1202 1453 1244 solu-

129 1271 281 1310 tionem
315 1266 487 1308 conferre
520 1266 663 1320 aliquid
696 1265 772 1306 visa
804 1264 888 1306 sunt
906 1299 917 1319 ‚
952 1265 1109 1306 seuerius
1141 1266 1304 1308 excuffis
1337 1277 1378 1307 et
1396 1268 1454 1308 in-

129 1341 189 1374 ter
219 1334 252 1373 se
286 1331 433 1373 collatis
451 1364 462 1383 ‚
496 1331 617 1384 magis
649 1329 827 1370 exactam
860 1329 1053 1370 theoriam
1086 1330 1133 1370 de
1167 1330 1245 1371 hoc
1279 1331 1457 1372 themate

130 1397 394 1439 conderemus.
461 1393 560 1435 Non
602 1404 732 1434 tamen
773 1393 838 1434 hic
878 1395 979 1448 apud
1018 1407 1088 1434 nos
1130 1394 1326 1436 statuimus
1359 1408 1455 1436 enu-

129 1461 255 1501 cleare
295 1459 451 1513 singulas
484 1460 647 1499 virtutes
679 1457 867 1512 specificas
886 1491 896 1511 ,
928 1458 1062 1512 quibus
1094 1458 1236 1499 diuersa
1263 1459 1456 1501 menstrua

129 1535 247 1578 agunt
286 1525 325 1564 in
366 1522 505 1564 diuersa
545 1535 712 1576 corpora
760 1522 936 1563 soluenda
976 1520 1112 1577 (quod
1146 1535 1227 1563 non
1261 1533 1349 1563 ante
1381 1536 1456 1565 ex-

130 1590 226 1643 poni
260 1587 307 1629 et'
331 1587 525 1629 dilucidari
557 1588 701 1641 poterit
719 1619 730 1638 ,
764 1599 880 1640 quam
921 1586 990 1627 vbi
1025 1586 1305 1640 principiorum
1341 1585 1455 1640 Chy-

131 1657 323 1696 micorum
367 1664 547 1692 numerus
585 1649 696 1691 fuerit
737 1651 877 1692 decisus
895 1684 906 1703 ,
947 1663 1158 1704 eorumque
1214 1661 1345 1692 natura
1397 1653 1454 1692 di-

131 1718 264 1758 stinc'te
297 1714 479 1770 cognita)
513 1715 575 1756 sed
607 1725 757 1756 tantum
788 1716 829 1755 in
865 1716 1038 1756 animum
1069 1716 1296 1757 induximus
1326 1728 1457 1771 expo<

133 1794 222 1822 nere
239 1780 473 1820 solutionum
492 1779 612 1819 caustis
651 1781 692 1820 in
726 1792 880 1832 genere.

271 1844 305 1892 §.
350 1855 420 1882 12.
474 1841 683 1884 Genencas
731 1845 845 1898 igitur
894 1843 1126 1886 solutionum
1166 1845 1291 1885 caustis
1330 1844 1456 1887 daturi

135 1908 331 1949 ostendere
364 1917 541 1948 tenemur
559 1940 569 1959 ‚
604 1907 735 1961 quibus
767 1908 909 1948 viribus
927 1942 939 1961 ,
981 1922 1129 1963 quaque
1162 1911 1311 1949 ratione
1344 1923 1456 1952 men-

133 1973 277 2014 struum
311 1970 482 2012 soluendi
516 1972 715 2025 particulas
751 1972 930 2013 diuellere
965 1973 1078 2027 poffit
1096 2007 1107 2025 ⁷
1141 1972 1280 2014 sublata
1309 1984 1453 2015 mutua

134 2050 262 2077 earum
323 2035 560 2076 cohaesione.
660 2036 812 2076 Verum
864 2049 953 2077 cum
1009 2037 1216 2091 particulae
1268 2038 1451 2079 menstrui

132 2112 284 2155 agentes
303 2133 313 2149 ,
345 2107 427 2139 tum
461 2101 577 2141 etiam
611 2101 687 2154 ipsa
717 2100 820 2141 actio
839 2134 849 2153 ,
882 2100 1041 2143 sensibus
1074 2101 1174 2143 haud
1199 2102 1373 2143 distinete
1393 2114 1453 2142 re·-

199 2165 307 2204 Tom
327 2162 344 2202 Ι
350 2194 359 2201 0
784 2163 806 2205 I
828 2165 843 2205 i
1342 2177 1454 2221 prae-
