1820 2506
208 170 362 236 QVAE
388 170 534 220 POST
565 170 873 219 MISCELAM
899 170 1253 217 FLVIDORVM
1265 174 1347 225 &a
1387 188 1478 230 157

146 292 196 335 In
231 293 411 336 columna
461 293 536 335 IV.
590 293 674 335 sunt
724 293 861 349 gradus
909 292 1201 337 thermometro
1250 307 1274 336 a
1315 293 1465 339 Clarist'.

228 357 396 403 Krafftio
427 358 590 401 inuenti.

145 486 194 528 In
228 489 415 531 columna
462 489 516 530 V.
565 489 650 530 fimt
697 490 881 542 numeri,
932 490 998 545 qui
1038 489 1237 541 indicant,
1279 498 1466 544 quantum

219 554 356 606 gradus
377 587 388 606 ,
422 554 709 594 thermometro
742 554 892 595 inuenti
923 554 948 596 ἐι
964 551 1112 596 Clariis.
1134 551 1321 608 KrafftiO,
1355 553 1469 597 diffe-

222 626 308 658 rant
339 630 361 658 ει
390 617 566 672 gradibus
595 616 732 659 calculi
763 618 859 658 mei,

137 744 187 788 ln
220 745 402 788 columna
432 745 508 788 VI.
542 746 696 789 exstant
732 746 868 801 gradus
900 746 1035 790 calculi
1069 748 1162 791 mei.

134 873 184 919 In
215 875 398 919 columna
430 876 525 919 VII.
560 877 645 918 sunt
676 876 814 930 gradus
845 877 918 918 sec.
955 876 1163 920 formulam
1193 890 1323 920 meam
1341 879 1389 935 ((5
1405 883 1463 930 6)

213 942 459 996 computati,
510 938 682 982 assumtis
730 938 851 982 massa
891 941 986 982 vasis
1025 943 1140 982 vnius
1180 942 1378 984 mensurae
1421 954 1462 986 et

211 1004 330 1049 maffa
369 1005 645 1047 thermometri
687 1004 870 1047 dimidiae
912 1005 1109 1047 mensurae
1127 1038 1139 1059 ,
1189 1007 1316 1048 calore
1359 1021 1460 1049 vero

209 1071 406 1124 vtriusque
439 1070 567 1125 posito
602 1070 746 1124 aequali
779 1070 897 1111 calori
929 1071 1177 1124 ingredientis
1223 1073 1352 1113 minus
1394 1085 1459 1113 ca-

211 1135 304 1176 lidi:
339 1134 512 1175 mensura
550 1146 654 1175 vero.
682 1146 760 1175 vna
800 1135 923 1189 posita
962 1135 1017 1175 est
1050 1148 1072 1175 a
1105 1132 1253 1176 Clariis.
1289 1135 1458 1178 Krafftio

211 1200 254 1240 in
298 1198 409 1252 ipsius
451 1199 730 1252 experimentis
773 1199 822 1240 de
853 1198 982 1241 calore
1023 1208 1062 1240 et
1095 1198 1236 1254 frigore
1269 1201 1382 1242 vnius
1413 1210 1455 1243 et

206 1263 359 1305 dimidii
391 1262 543 1317 pollicis
577 1262 717 1303 cubici.

126 1391 175 1434 In
211 1405 250 1431 1.
284 1391 382 1434 Tab.
427 1390 554 1433 sumsit
595 1388 743 1432 Clariis.
781 1390 961 1433 Krafftius
994 1401 1156 1447 quatuor
1188 1394 1379 1436 mensuras
1411 1409 1452 1437 a-

207 1469 304 1511 quae
335 1457 382 1497 ad
422 1469 479 1510 gr.
522 1468 595 1506 42.
641 1456 782 1497 calidae
815 1466 855 1497 et
888 1455 1019 1497 affudit
1038 1458 1090 1499 eis
1123 1460 1297 1513 quintam
1332 1473 1453 1514 aquae

206 1520 423 1562 ebullientis
438 1554 448 1573 ,
482 1520 781 1577 examinatoque
811 1533 883 1576 per
900 1521 1043 1562 therm2
1077 1521 1204 1565 calore
1223 1557 1234 1578 ‚
1274 1535 1296 1574 5
1335 1537 1449 1567 men=

204 1584 294 1626 suris
333 1584 492 1625 sextam.

120 1712 169 1755 In
201 1713 274 1754 tub.
315 1726 353 1752 2.
388 1713 513 1754 sumsit
544 1714 731 1756 mensuras
766 1728 835 1757 20.
880 1717 927 1758 ad
960 1729 1015 1771 gr.
1055 1722 1110 1765 38
1149 1716 1288 1758 calidas
1321 1727 1360 1759 et
1392 1719 1446 1760 εἴ,

202 1778 297 1817 fudit
328 1778 380 1818 eis
415 1790 455 1818 2.
500 1778 620 1818 mens
664 1793 780 1834 aquae
820 1782 920 1824 ebul.
958 1782 1215 1838 exanimeque
1247 1780 1350 1826 filc'to
1385 1796 1445 1825 22

203 1841 383 1884 mensuris
419 1855 458 1883 22.
497 1842 641 1886 addidit
672 1854 750 1887 eet,
