1820 2506
188 172 270 216 DE
287 164 495 214 ΑΟΊῚΟΝ
497 166 535 209 Ε
543 166 600 208 Μ
600 163 830 210 ENS'TRV
828 159 990 210 ORVM
1008 162 1399 213 CHYMICORVM
1419 174 1502 211 261

181 289 285 330 scere
301 319 313 341 ‚
345 285 460 328 fimul
493 285 658 327 veficam
691 285 858 340 ingredi3
892 295 1055 338 eamque
1089 285 1331 339 distendere;
1364 299 1503 330 verum

168 361 311 404 rtamen
344 350 421 392 hoc
455 349 518 390 sub
551 351 703 391 initium
735 349 936 392 solutionis
971 347 1056 388 fieri
1087 347 1194 390 solet.
1263 349 1422 392 Etenim
1441 365 1504 394 ea-

182 416 270 456 dem
305 414 440 455 diutius
469 414 625 454 durante
658 413 777 455 bullae
808 426 861 453 ex
892 411 1056 454 metali-lo
1089 425 1390 472 prorumpentes
1421 428 1502 457 non

167 478 300 520 solum
344 480 471 518 minus
511 478 714 531 ampliores
763 477 996 530 iedduntur,
1034 489 1170 518 verum
1204 479 1319 522 etiam
1352 481 1503 534 prorsus

165 542 433 593 ‚euanescunt‚
468 543 686 595 priusquam
718 540 957 595 superficiem
997 542 1178 582 menstrui
1209 545 1400 597 attingunt
1420 578 1431 597 ,
1466 558 1501 588 a·

164 608 276 647 ,vido
309 617 452 659 nempe
485 606 580 645 aeris
612 605 808 645 menstruo
852 604 866 660 (
887 605 919 653 §.
944 605 1033 662 25)
1076 618 1135 646 eas
1166 598 1289 647 rursus
1325 619 1396 661 per
1429 620 1499 663 po-

179 683 241 710 ros
258 670 485 710 distrahente
501 700 512 719 ,
546 668 585 709 id
603 680 701 707 vero
724 681 803 708 non
829 668 951 709 solum
975 670 1015 709 in
1035 682 1156 723 cupro
1174 701 1185 721 ,
1226 683 1364 711 verum
1382 674 1500 713 etiam

178 734 217 772 in
238 733 399 787 plumbo
418 741 456 772 et
472 731 672 772 Mercurio
698 732 875 772 solutioni
901 733 1081 785 exposito
1110 733 1398 781 obseruauimus.
1434 736 1500 776 Eo

179 806 303 837 autem
344 796 390 836 fit
431 805 476 835 vt
518 807 598 835 non
640 796 771 835 minor
811 796 926 849 copia
966 798 1059 836 aeris
1098 797 1138 836 in
1177 798 1337 845 metallo
1380 801 1499 845 renati

177 872 247 913 per
278 872 395 914 poros
429 859 611 899 menstrui
626 859 745 899 rursus
761 859 1007 913 dispergatur,
1044 872 1118 900 nec
1139 861 1304 903 vesicam
1331 863 1499 915 ingredi-

177 933 269 976 atur,
286 937 402 977 quam
420 923 531 962 initio
545 922 741 963 solutionis
759 923 869 963 bullis
894 923 1123 975 surgentibus
1149 925 1190 963 in
1214 924 1320 964 illam
1339 928 1495 971 accedit*

158 986 288 1030 ,Adde
303 988 408 1041 quod
425 986 549 1027 statim
566 985 652 1039 post
668 985 900 1036 solutionem
934 986 1050 1026 affuso
1084 987 1191 1027 alcali
1232 986 1318 1028 fixo
1352 989 1497 1043 spiritus

172 1050 423 1092 vehementer
469 1050 670 1092 ebulliebat
688 1082 699 1102 ‚
747 1049 946 1090 manifesto
990 1050 1134 1091 iudicio
1185 1064 1367 1105 magnam
1411 1055 1494 1094 vim

173 1116 267 1156 aeris
299 1115 338 1154 in
370 1115 474 1168 poris
506 1114 585 1153 eius
615 1113 714 1153 astui
757 1113 951 1163 solutionis
982 1112 1227 1166 superfuisse*
1278 1115 1425 1163 Verum
1444 1106 1494 1164 ne

171 1179 263 1233 quid
303 1178 476 1231 precario
510 1175 693 1221 assumere
724 1176 922 1236 videamur
939 1209 950 1229 ,
993 1188 1181 1230 ponamus
1217 1188 1334 1225 1312
1369 1191 1494 1233 partes

171 1241 237 1298 (ς.
264 1254 314 1291 25
340 1244 354 1291 )
394 1242 487 1281 aeris
516 1240 673 1294 expansi
707 1252 758 1280 ex
792 1241 896 1294 poris
928 1240 1110 1280 menstrui
1151 1242 1190 1281 in
1223 1242 1391 1283 vesicam
1424 1244 1497 1301 -ac'3'

171 1305 311 1347 ceffiffe
330 1338 341 1357 ‚
375 1305 532 1358 reliquas
566 1313 691 1345 autem
730 1316 845 1343 1000
881 1314 1007 1358 partes
1046 1317 1173 1346 reuera
1208 1306 1246 1346 in
1273 1308 1380 1360 poris
1412 1321 1491 1349 me-

171 1370 252 1410 talli
283 1376 430 1409 renatas
463 1377 502 1408 et
533 1367 703 1408 dilatatas
744 1366 863 1408 fuiffe.
933 1367 1019 1408 Erit
1058 1381 1154 1422 ergo
1188 1370 1376 1411 volumen
1410 1384 1490 1413 me·-

170 1432 251 1475 talli
289 1432 397 1473 soluti
439 1432 486 1473 ad
526 1431 713 1472 volumen
756 1433 848 1477 aeris
887 1432 943 1478 in,
961 1432 1067 1486 poris
1108 1433 1185 1473 eius
1224 1435 1491 1478 renatietin

154 1496 291 1537 ,vefica
330 1495 487 1549 expanfi
521 1504 566 1535 vt
597 1508 616 1533 1
649 1496 695 1536 ad
730 1486 884 1548 '10003
920 1495 1193 1549 consequenter
1224 1498 1263 1536 in
1282 1499 1494 1551 quamlibet

166 1560 391 1615 particulam
424 1560 531 1613 cupri
562 1558 797 1600 auellendam
830 1558 962 1612 agebat
994 1559 1126 1612 portio
1156 1561 1250 1600 aeris
1268 1593 1279 1612 ,
1309 1575 1404 1616 quae
1421 1576 1494 1605 ex·

168 1623 279 1679 pansa
312 1632 392 1663 erat
427 1623 473 1663 ad
490 1622 714 1676 particulam
741 1623 859 1677 ipfiim
893 1623 1043 1670 ratione
1062 1622 1271 1665 voluminis
1303 1634 1348 1665 vt
1370 1639 1487 1668 1000

168 1689 214 1729 ad
260 1700 278 1725 1
307 1701 318 1740 3
361 1697 472 1741 atque
514 1687 611 1727 adeo
651 1687 837 1727 diameter
869 1686 992 1726 bullae
1025 1687 1117 1725 aeris
1150 1688 1236 1740 post
1252 1689 1488 1739 auulsionem

168 1749 376 1803 corpusculi
415 1750 602 1801 expansie
643 1760 723 1790 erit
763 1752 809 1791 ad
844 1750 1068 1791 diametrum
1103 1750 1316 1805 corpusculi
1350 1763 1395 1793 vt
1434 1767 1485 1797 10

169 1815 215 1855 ad
255 1826 273 1851 1
299 1846 309 1865 ‚
344 1812 421 1852 hoc
455 1812 506 1852 est
541 1814 701 1865 ιεφιιιίἰε
734 1822 768 1864 3¹2
807 1815 875 1854 lin.

303 1877 337 1925 §.
364 1882 435 1923 38.
472 1875 655 1917 Mercurii
688 1878 823 1930 pollex
857 1877 1010 1918 cubicus
1051 1879 1239 1932 ponderat
1273 1880 1402 1921 vnciis
1440 1890 1488 1933 8,

165 1939 361 1982 drachmas
409 1944 437 1978 6
485 1950 524 1980 et
563 1952 676 1992 gnam}
717 1947 754 1982 8.
826 1938 1031 1992 Cylindrus
1084 1954 1177 1995 ergo
1219 1943 1402 1985 Mercurii
1441 1947 1487 1990 ab

168 2017 253 2045 aere
298 2002 540 2055 sustentatus,
594 2009 650 2044 28
695 2003 855 2057 pollices
897 2004 1079 2044 Pmfinos
1119 2006 1243 2059 altus
1276 2010 1378 2049 cuius
1410 2010 1490 2051 dia-

168 2077 290 2112 meter
321 2065 420 2118 esti
424 2036 595 2115 2-lin’eae
613 2099 624 2120 ‚
656 2068 847 2122 ponderat
879 2068 954 2109 fere
987 2074 1100 2117 ἕ--ἰ-Ξ-
1105 2074 1178 2102 ⁵2⁷³-
1213 2073 1348 2125 grani5
1382 2075 1489 2127 quod

743 2131 778 2174 K
796 2131 822 2173 k
859 2143 881 2181 3
1381 2150 1487 2190 pon-
