1820 2506
366 187 393 218 1
402 188 463 228 04
657 170 748 219 DE
776 169 1221 218 PROPAGATIONE
1252 169 1327 218 PV
1330 170 1438 215 LSV
1438 171 1480 216 V
1478 172 1534 215 M

366 301 467 334 mus.
532 288 709 331 Primum
750 291 856 331 enim
875 322 886 343 ‚
922 300 1012 329 cum
1045 296 1198 339 tempus
1216 318 1228 338 ‚
1262 298 1340 340 quo
1373 287 1498 341 pulsus
1532 298 1601 341 per
1627 286 1687 327 in-

368 363 573 406 teruallum
623 364 716 423 :f
755 371 991 419 propagatur
1007 394 1020 414 ,
1071 362 1274 401 inuentum
1324 361 1367 402 fit
1401 375 1457 402 z
1492 345 1686 446 :25ng}

367 460 548 501 videmus
580 461 620 501 in
655 460 795 500 eodem
836 458 970 500 medio
1011 465 1165 509 tempus
1205 456 1272 510 ipsi
1315 455 1438 510 spatio
1478 451 1553 497 effe
1593 470 1687 511 pro-

367 524 586 580 portionale
605 557 615 576 ,
657 524 781 576 sicque
822 521 944 576 pulsus
985 530 1099 561 motu
1149 519 1332 560 vniformi
1380 523 1583 574 propagari
1625 522 1686 561 vti

367 589 607 642 experientia
641 587 806 627 testatur.
874 584 1030 626 Deinde
1062 584 1236 624 celeritas
1268 585 1369 625 istius
1410 594 1539 624 motus
1557 616 1567 636 ,
1608 597 1687 638 quo

358 660 486 714 ‘pulsus
529 660 853 715 progrediuntur,
895 659 966 699 erit
1006 669 1052 700 vt
1082 641 1127 711 {-
1168 657 1246 698 hoc
1286 658 1340 698 est
1381 667 1427 698 vt
1462 655 1543 711 Vg.
1612 658 1683 700 Est

361 735 461 765 vero
485 737 518 778 g
558 724 762 777 longitudo
806 722 1011 763 columnae
1053 721 1227 764 eiusdem
1266 722 1401 775 fluidi,
1442 723 1547 763 cuius
1586 734 1688 776 pon-

364 787 434 827 dus
467 789 577 841 ipsius
612 789 653 827 vi
686 788 853 828 elasticae
887 797 1077 841 aequatur.
1145 787 1261 827 Vnde
1294 788 1320 828 fi
1354 789 1414 827 vis
1447 786 1597 826 elastica
1622 787 1689 828 de-

362 850 529 904 figuetur
562 865 631 905 per
664 851 702 892 E
736 861 776 891 et
808 851 964 892 densitas
998 864 1067 905 per
1101 848 1145 890 D
1164 884 1175 904 ‚
1209 852 1282 890 erit
1316 853 1466 905 pondus
1484 851 1688 892 columnae

352 937 387 979 g
420 923 599 979 vt‘Dg‚
642 934 682 964 et
721 938 810 965 cum
851 925 897 965 fit
936 925 975 966 E
1016 935 1062 965 vt
1094 923 1181 978 Dg,
1216 927 1328 979 eritg
1362 936 1407 966 vt
1440 912 1486 978 ξ.
1556 927 1688 983 Quare

359 989 403 1029 in
435 989 586 1030 diuersis
621 988 746 1029 fluidis
779 988 936 1029 elasticis
969 999 1079 1029 erunt
1112 990 1328 1030 celeritates
1347 1023 1358 1042 ,
1393 990 1527 1044 quibus
1562 991 1687 1045 pulsus

359 1064 433 1107 per
466 1065 509 1094 ea
543 1061 806 1107 propagantur
839 1055 879 1093 in
913 1054 1061 1093 ratione
1096 1053 1350 1107 subduplicata
1383 1055 1600 1109 composita
1635 1067 1690 1096 ex

358 1124 503 1166 direc’ca
536 1125 803 1166 elasticitatum
837 1135 877 1166 et
913 1126 1056 1166 inuersa
1090 1126 1317 1168 denfitatum
1346 1161 1357 1181 ,
1402 1128 1462 1168 seu
1503 1138 1549 1169 vt
1590 1126 1627 1168 V
1647 1115 1685 1187 ἒ.

509 1253 544 1302 ξ.
587 1259 656 1302 58.
694 1253 802 1294 Haec
845 1260 972 1295 autem
1007 1254 1158 1295 aliunde
1192 1255 1269 1297 iam
1285 1254 1367 1295 latis
1400 1254 1594 1308 constant,
1629 1264 1688 1296 at-

361 1327 437 1371 que
469 1328 491 1357 a
525 1316 734 1358 Newtono
768 1315 932 1358 firmiter
965 1319 1049 1359 sunt
1084 1320 1369 1360 demonstrata:
1415 1321 1598 1374 quoniam
1640 1320 1687 1361 ad

357 1379 437 1422 hoc
471 1394 551 1422 non
587 1381 640 1421 est
674 1394 770 1435 opus
788 1415 799 1434 ,
833 1390 880 1421 vt
913 1383 989 1436 ipsa
1023 1383 1248 1437 fingularum
1269 1384 1541 1436 particularum
1577 1384 1686 1424 fluidi

361 1444 503 1485 elastici
545 1446 704 1499 agitatio
742 1446 787 1488 fit
827 1446 1035 1500 perspecta.
1104 1448 1171 1489 Ex
1206 1448 1388 1495 haetenus
1407 1448 1528 1488 allatis
1555 1458 1685 1488 autem

359 1508 468 1550 fimul
516 1510 710 1561 modum,
760 1522 839 1563 quo
887 1511 1052 1563 singulae
1101 1513 1209 1552 fluidi
1260 1513 1399 1552 elastici
1449 1513 1686 1566 particulae,

359 1572 452 1612 dum
488 1573 554 1627 ipsi
597 1574 637 1614 in
678 1586 760 1613 vno
801 1573 890 1613 loco
931 1575 1108 1628 impulsus
1151 1576 1367 1630 infligitur,
1409 1576 1561 1628 singulis
1593 1589 1684 1616 mo-

358 1637 502 1677 mentis
535 1638 735 1690 agitantur.
803 1636 981 1679 Vidimus
1013 1639 1182 1693 scilicet,
1208 1641 1365 1681 sivnica
1398 1640 1589 1693 particula
1624 1641 1684 1680 in-

358 1709 418 1741 tra
451 1702 613 1754 parietes
646 1701 675 1742 P
710 1711 749 1742 et
781 1702 831 1758 Q
855 1703 1132 1756 constituatur,
1176 1705 1254 1744 eius
1270 1714 1425 1745 motum
1460 1705 1507 1744 ab
1540 1703 1684 1757 impul-

357 1765 396 1806 su
432 1776 633 1819 acceptum
668 1766 830 1806 fimilem
864 1764 946 1807 fore
979 1770 1105 1808 motui
1138 1768 1370 1809 oscillatorio
1404 1768 1591 1822 penduli,
1628 1776 1683 1808 at-

357 1842 432 1882 que
467 1830 554 1869 ideo
597 1831 754 1882 perinde
796 1830 1031 1871 vibrationes
1072 1844 1251 1885 peragere
1269 1866 1279 1884 ,
1323 1845 1366 1872 ac
1407 1833 1565 1872 cordam
1605 1833 1681 1872 im-

355 1893 517 1947 pulsam.
587 1890 689 1933 Cum
724 1903 853 1934 autem
888 1894 966 1935 duo
1000 1895 1157 1948 pluraue
1194 1896 1413 1949 corpuscula
1446 1897 1545 1935 intra
1580 1897 1682 1949 pari-

355 1968 434 1996 etes
466 1957 494 1996 Ρ
529 1966 566 1997 et
601 1958 650 2014 Q
675 1958 863 1998 collocata
896 1960 1196 2012 concipiuntur,
1229 1972 1392 2012 quorum
1427 1972 1551 1999 vnum
1586 1961 1681 2000 dun-

354 2028 463 2059 taxat
498 2022 718 2074 impellatur
737 2055 747 2074 ,
783 2031 868 2062 tum
904 2022 1051 2063 nullum
1087 2022 1350 2076 corpusculum
1385 2023 1430 2063 ad
1466 2023 1678 2064 similitudi-

353 2096 445 2125 nem
478 2085 637 2139 penduli
671 2085 833 2140 amplius
867 2087 1028 2139 agitatur
1045 2119 1056 2141 ,
1089 2086 1149 2128 sed
1182 2087 1417 2142 singulorum
1458 2098 1587 2130 motus
1629 2089 1678 2130 ab

1603 2152 1677 2194 hac
