1820 2506
187 402 392 550 Quae
408 438 624 481 aPETRO
641 434 876 489 MAGNO,
895 436 1124 478 immortalis
1141 437 1352 478 memoriae
1369 436 1501 492 Impe-

198 523 204 527 ·
356 513 497 555 ratore,
517 516 619 544 anno
635 499 1157 553 MDCCXXIV.'fi1nclam‚
1177 512 1216 541 et
1232 516 1252 542 a
1269 502 1504 543 dileffiffima

185 570 284 609 Tori
305 567 438 619 Secia,
473 567 687 620 Eiusquein
715 565 892 619 Imperio
919 564 1160 617 Successore,
1196 564 1500 611 Clementissima

183 630 531 673 CATHARINA
572 644 605 670 a.
644 627 952 671 MDCCXXV.
996 631 1192 671 instaurata
1235 640 1315 670 erat
1346 630 1494 671 Acade«

181 698 260 740 mia
301 695 514 748 imperialis
546 693 799 735 Scientiarum
828 695 1139 748 Petropolitana3
1183 706 1226 734 ea
1262 695 1417 735 tandem
1462 707 1498 735 a.

182 758 524 803 MDCCXLVII.
562 772 584 798 a
618 769 859 813 paternarum
894 759 1082 798 virtutum
1121 758 1274 798 Herede
1293 792 1304 810 ,
1340 759 1502 800 feliciter

182 825 301 866 hodie
334 825 408 864 toti
425 823 574 866 Ruffiae
592 824 825 876 imperante,
859 820 1179 863 ELISABETA
1206 821 1505 877 AVGVSTA‚

184 890 342 932 Deliciis
363 891 515 942 generis
557 887 709 930 humani
729 920 739 939 ,
781 887 981 940 praeclaris
1031 887 1177 940 legibus
1219 886 1399 942 lautoque
1440 887 1505 928 sti-

182 955 326 1009 pendio
357 952 709 994 munificentissime
742 961 876 992 ornata
894 985 905 1004 ‚
938 951 1048 992 au<sta
1081 961 1124 992 et
1155 950 1306 993 firmata
1340 952 1407 993 est.

295 1081 533 1124 Iudicauerat
565 1081 704 1122 scilicet
745 1080 909 1134 prouida
933 1080 1094 1123 Patriae
1138 1080 1281 1123 Mater
1297 1115 1308 1135 ‚
1345 1081 1516 1138 vestigiis

182 1147 545 1200 Augustiffimorum
563 1146 767 1186 Parentum
788 1145 951 1186 insistens
969 1179 979 1198 ‚
1014 1146 1061 1187 ad
1088 1145 1255 1186 scientias
1288 1156 1327 1186 et
1351 1156 1445 1188 artes
1472 1149 1513 1188 in

182 1211 388 1252 vastiffimo
415 1212 535 1251 totius
568 1212 673 1251 orbis
705 1211 884 1263 Imperio
912 1209 1193 1263 prouehendas,
1227 1213 1394 1252 omnino
1414 1224 1511 1264 opus

183 1273 279 1326 effe,
324 1284 369 1314 vt
399 1274 644 1314 conseruetur
695 1274 883 1314 eiusmodi
923 1274 1081 1313 societas
1131 1274 1368 1315 eruditorum
1404 1275 1512 1315 viro-

183 1351 267 1379 rum
288 1371 300 1392 ,
338 1338 404 1391 qui
425 1330 519 1377 ¹ilias,
551 1338 664 1377 nouis
688 1336 858 1376 inuentis
883 1337 1018 1388 ditare,
1048 1338 1097 1376 ab
1128 1336 1208 1376 aliis
1242 1338 1396 1377 inuenta
1419 1350 1514 1378 exa-

182 1403 332 1444 minare
351 1411 390 1441 et
404 1400 592 1455 perficere
613 1433 624 1452 ‚
649 1412 814 1454 veraque
833 1412 855 1438 a
871 1399 961 1440 falfis
979 1403 1166 1453 separare,
1187 1400 1352 1454 denique
1376 1414 1514 1443 cauere

184 1466 325 1520 poffiut
344 1499 355 1517 ,
398 1478 448 1505 ne
477 1465 617 1506 sumtus
634 1465 674 1504 in
707 1477 768 1504 res
794 1465 945 1517 penitus
971 1464 1144 1515 inutiles,
1174 1475 1239 1504 aut
1263 1465 1512 1519 impoffibiles

183 1531 474 1584 impendantur,
494 1530 641 1583 hosque
674 1528 889 1568 coniunCtis
906 1529 1049 1569 viribus
1080 1528 1197 1582 longe
1247 1531 1410 1570 maiores
1457 1529 1511 1570 fa-

183 1607 269 1634 cere
307 1592 416 1648 poffe
445 1593 657 1648 progressus
679 1625 690 1645 ,
731 1606 845 1646 quam
897 1594 1052 1646 quidem
1103 1606 1125 1633 a
1156 1593 1327 1647 fingulis,
1362 1594 1510 1638 tametsi

184 1657 502 1713 praestantiffimis
521 1691 532 1711 ‚
565 1657 779 1713 exspestari
814 1656 988 1698 debeant.

302 1786 507 1827 Eiusmodi
541 1794 669 1827 autem
701 1786 859 1827 societas
892 1786 1039 1826 statutis
1072 1794 1113 1826 et
1146 1785 1399 1829 fimd'tionibus
1415 1800 1509 1829 con⁴

186 1852 422 1891 venientibus
441 1850 503 1890 vel
535 1852 625 1891 ideo
657 1851 864 1893 munienda
895 1850 1016 1891 fuerat
1036 1884 1047 1902 ,
1081 1861 1126 1891 vt
1160 1854 1416 1907 vnusquisque
1448 1854 1509 1893 so-

187 1914 329 1954 dalium
353 1948 363 1967 ,
396 1915 485 1969 quid
519 1928 539 1954 a
574 1915 610 1955 se
643 1916 856 1970 requiratur
894 1924 958 1956 aut
992 1915 1059 1958 fibi
1091 1916 1281 1970 agendum
1313 1917 1357 1960 fit
1374 1950 1386 1971 ‚
1421 1929 1507 1973 per-

186 1978 357 2032 spectum
388 1979 556 2021 haberet.

766 2121 789 2149 a
828 2121 852 2149 2
1397 2110 1508 2163 Ope-
