1820 2506
415 230 503 277 428
885 224 1000 276 »ἓξὲξ
1033 222 1044 274 <
1067 237 1093 264 0
1113 220 1128 279 )
1166 223 1281 276 &323⁴-

501 334 929 403 QVANTVM
974 335 1258 395 MOTVS
1300 333 1518 396 TERR
1527 336 1636 396 ΑΕ

530 424 569 464 A
595 422 754 464 LVNA
799 422 1211 465 PERTVRBETVR
1253 421 1611 468 ACCVRATIVS

892 486 1251 543 INQVIRITVR.

967 610 1160 641 Ave-roim

856 654 1074 698 Leonhardo
1113 654 1263 698 Eulero.

1010 782 1046 833 ς.
1087 795 1126 823 1.

412 886 577 1003 Cum
617 897 704 939 luna
737 905 928 952 perpetuo
968 898 1015 939 ad
1047 908 1188 941 terram
1221 894 1431 952 Vrgeatur,
1480 911 1726 954 quaecunque

551 962 659 1001 huius
698 961 970 1001 sollicitationis
1010 962 1055 1001 fit
1095 962 1200 1003 causa
1218 993 1230 1013 ‚
1271 959 1421 1002 necefl‘e
1460 962 1514 1003 est
1546 973 1590 1003 vt
1623 973 1724 1005 terra

413 1023 525 1065 simili
559 1024 722 1077 quadam
753 1024 795 1063 vi
829 1023 954 1063 versus
983 1024 1113 1066 lunam
1146 1026 1297 1064 nitatur.
1364 1023 1405 1065 Si
1437 1027 1542 1066 enim
1584 1025 1639 1066 sol
1658 1059 1669 1078 ,
1701 1038 1724 1067 a

411 1088 520 1127 *cuius
552 1088 593 1126 vi
627 1096 756 1127 motus
787 1088 896 1126 lunae
929 1089 1101 1126 maxime
1132 1087 1370 1139 perturbatur
1388 1120 1399 1140 ,
1430 1100 1453 1128 e
1484 1089 1618 1129 medio
1651 1087 1726 1129 tol-

415 1149 554 1188 leretur
571 1180 583 1199 ,
617 1158 730 1200 atque
762 1157 858 1186 terra
892 1160 982 1187 cum
1014 1148 1104 1188 luna
1135 1157 1286 1188 tantum
1327 1149 1368 1189 in
1399 1150 1577 1191 vniuerso
1607 1151 1722 1192 relin-

416 1220 591 1264 queretur
611 1242 622 1261 ,
654 1210 813 1250 dubium
844 1210 900 1250 est
931 1210 1078 1251 nullum
1098 1244 1109 1264 ‚
1141 1211 1231 1264 quin
1264 1220 1386 1252 terrae
1419 1221 1457 1251 et
1488 1213 1598 1252 lunae
1615 1226 1724 1253 com-

413 1286 530 1314 mune
569 1282 743 1314 centrum
781 1274 970 1327 grauitatis
1009 1275 1074 1314 vel
1115 1275 1324 1329 quiesceret
1340 1307 1351 1326 ‚
1385 1275 1449 1315 vel
1481 1275 1723 1317 vniformiter

413 1337 454 1377 in
487 1337 673 1377 directum
705 1336 991 1390 progreffurum
1025 1336 1130 1378 efl'et.
1197 1338 1299 1379 Hinc
1317 1337 1410 1379 dum
1426 1337 1515 1378 luna
1531 1338 1632 1379 circa
1649 1348 1724 1379 ter-

412 1413 494 1440 ram
537 1400 792 1441 reuolueretur
810 1434 820 1452 ,
854 1411 1061 1456 Vtrumque
1094 1414 1230 1455 corpus
1261 1401 1371 1442 simili
1404 1402 1570 1456 quodam
1611 1411 1721 1443 motu

414 1464 513 1503 circa
545 1475 722 1504 centrum
757 1465 948 1518 grauitatis
979 1475 1204 1518 gyraretur3
1240 1473 1350 1518 atque
1368 1498 1379 1517 ,
1413 1465 1440 1505 ss
1473 1465 1574 1505 vires
1613 1474 1717 1504 tene-

409 1536 477 1566 ant
508 1529 697 1568 rati—onem
730 1529 966 1580 reciprocam
1000 1529 1230 1582 duplicatam
1248 1527 1515 1579 distantiarum,
1546 1536 1626 1568 tam
1645 1537 1721 1567 ter-

413 1601 454 1629 ra
471 1602 583 1642 quam
604 1590 690 1629 luna
710 1591 748 1629 in
769 1588 935 1629 sectione
952 1592 1083 1630 conica
1108 1591 1266 1630 alterum
1285 1590 1413 1630 focum
1448 1593 1487 1630 in
1520 1590 1718 1630 communi

412 1653 605 1704 grauitatis
620 1662 758 1692 centro
775 1652 938 1692 habente
955 1685 965 1703 ‚
1000 1663 1229 1692 moueretur.
1296 1651 1364 1692 Sin
1399 1663 1522 1693 autem
1548 1662 1625 1692 tam
1644 1661 1719 1691 ter-

413 1727 453 1753 ra
482 1715 683 1768 quamluna
714 1725 825 1755 motu
860 1716 967 1754 omni
1000 1717 1237 1768 priuaretur,
1272 1716 1374 1754 resta
1407 1718 1452 1754 ad
1486 1715 1521 1753 se
1554 1715 1719 1756 inuicem

415 1778 633 1817 accederent
651 1810 662 1828 ,
695 1787 734 1817 ex
767 1778 804 1817 in
835 1779 1035 1818 communi
1068 1787 1202 1818 centro
1233 1778 1424 1829 grauitatis
1455 1778 1715 1818 conuenirent.

412 1840 527 1880 Vnde
558 1841 719 1894 sequitur
751 1842 852 1880 vires
885 1840 1135 1880 accelerantes
1153 1872 1163 1890 ‚
1200 1840 1332 1892 quibus
1362 1849 1457 1879 terra
1485 1848 1523 1878 et
1541 1838 1630 1880 luna
1646 1839 1719 1880 sol-

414 1904 604 1943 licitantur
629 1937 640 1955 ,
683 1904 768 1957 ipsis
807 1902 946 1943 horum
987 1916 1195 1956 corporum
1236 1901 1357 1943 mal-sis
1398 1903 1599 1953 reciproce
1637 1901 1718 1944 fore

414 1967 721 2020 proportionales
741 2001 751 2017 ,
785 1967 835 2006 ita
866 1976 911 2006 vt
942 1968 1001 2006 vis
1020 1999 1030 2017 ,
1064 1980 1134 2019 qua
1168 1966 1253 2005 luna
1286 1965 1330 2004 ad
1364 1974 1498 2004 terram
1534 1965 1717 2006 accelera-

410 2038 474 2068 ·tur
493 2062 503 2079 ,
534 2030 569 2069 se
600 2030 769 2070 habitura
802 2030 845 2069 sit
878 2030 924 2069 ad
958 2031 1051 2080 vim,
1085 2042 1156 2082 qua
1188 2038 1286 2068 terra
1317 2027 1475 2067 vicissim
1510 2027 1555 2067 ad
1588 2027 1715 2069 lunam

410 2093 624 2133 concitatur
656 2095 712 2134 vti
740 2092 862 2134 massa
895 2095 954 2134 seu
987 2093 1169 2146 quantitas
1200 2091 1382 2131 materiae
1413 2091 1453 2131 in
1485 2100 1585 2132 terra
1616 2103 1715 2131 con-

1586 2162 1714 2196 tentae
