1820 2506
154 171 551 222 CONTINMTIO
582 172 887 222 OBSERVAT.
921 176 1261 223 ASTRONOM.
1378 190 1468 234 473

160 307 211 334 n
233 325 245 336 .
289 291 380 347 19s.
417 292 530 343 soff.
573 299 788 354 Adspedhis
820 299 954 341 Lunae
997 312 1069 354 per
1110 299 1269 341 nubium
1317 298 1470 342 hiatum

454 374 520 402 me
547 365 751 406 certiorem
791 363 880 405 fecit
913 365 961 405 de
995 364 1141 418 eclipsis
1174 365 1286 405 initio
1319 366 1395 405 iam
1420 364 1473 406 ffi-

456 426 537 468 eto.
601 427 727 469 Licuit
757 439 969 484 autemcx
1003 430 1214 484 quantitate
1246 430 1473 471 obscuratio-

455 491 515 531 nis
564 493 788 546 aestimare,
842 494 996 535 initium
1044 493 1190 548 eclipsis
1244 506 1287 543 ιὲ
1330 494 1397 534 vel
1443 507 1467 534 2

454 555 555 596 min.
583 568 670 599 ante
699 567 874 599 notatum
894 570 1048 613 tempus
1064 559 1292 613 contigiffe3
1335 571 1472 613 quam-

451 619 590 661 obrem
623 623 776 664 initium
820 623 969 664 circiter
1016 623 1239 677 ponendum
1281 623 1334 663 est
1381 617 1467 663 ΙΙΙ).

460 680 547 726 18'.
621 687 730 728 Idem
776 688 1070 728 animaduersum
1111 686 1164 727 est
1206 700 1276 741 per
1334 687 1468 728 tubum

448 749 750 792 astronomicum
785 755 815 790 6
832 753 920 805 ped.
957 752 1106 793 Totum
1125 751 1468 806 coelumdeinceps

450 814 568 856 nubes
601 816 847 870 occupabant.

522 910 638 953 Paulo
677 911 761 965 post
800 911 970 951 mediam
1012 911 1171 951 noctem
1203 910 1346 951 fiffuras
1379 923 1468 964 age-

450 975 542 1017 bant
580 975 693 1015 nubes
713 1008 725 1028 ,
757 983 796 1014 et
842 975 994 1015 coelum
1036 974 1195 1015 serenari
1237 975 1437 1016 videbatur
1455 1008 1466 1028 ,

445 1038 571 1093 sparsis
606 1048 737 1078 tamen
769 1038 861 1077 hinc
894 1039 982 1077 inde
1019 1039 1187 1080 nubibus.
1255 1038 1369 1079 Licet
1402 1052 1467 1080 au-

446 1112 528 1143 tem
572 1100 671 1141 coeli
709 1101 817 1154 regio
836 1133 848 1152 ,
891 1111 1120 1154 apparenter
1159 1104 1300 1154 serena,
1359 1116 1465 1143 reue-

446 1180 490 1206 ra
525 1166 712 1219 vaporosa
754 1163 848 1205 effet
877 1177 889 1217 3
932 1166 1100 1206 maculas
1133 1175 1261 1206 tamen
1295 1165 1465 1207 Lunares

446 1239 486 1270 et
526 1230 706 1272 vmbram
739 1229 976 1269 Terrestrem
1002 1262 1013 1282 ,
1065 1242 1160 1283 quae
1202 1230 1315 1270 valde
1357 1231 1464 1282 nigra

443 1295 648 1348 apparuit,
683 1294 806 1348 probe
840 1293 1069 1347 distinguere
1103 1294 1245 1347 potui3
1280 1305 1374 1347 quae
1392 1294 1466 1334 cir-

444 1359 695 1400 cumstantiae
736 1358 929 1413 sequentes
968 1357 1201 1402 admiserunt
1233 1357 1466 1400 obseruatio*

447 1436 519 1462 nes
547 1424 604 1464 fit
640 1433 845 1467 accurata&
984 1432 1001 1443 ¹

145 1473 233 1520 Μὴ·
266 1482 328 1532 9²·
369 1495 390 1535 5
402 1487 479 1536 ς’(
511 1486 625 1528 Mare
666 1484 831 1528 Crisium
870 1486 1042 1541 tangitur
1078 1487 1129 1528 ab.
1165 1486 1303 1531 vmbra
1334 1486 1373 1530 i'n
1401 1499 1466 1530 rea

441 1553 557 1606 gione
598 1550 740 1592 boreali
760 1584 771 1605 ,
812 1552 881 1593 situ
921 1551 1032 1591 recsto
1052 1583 1063 1603 ,
1115 1563 1190 1605 pro
1237 1551 1462 1605 apparentia

443 1615 646 1669 telescopii.

240 1677 307 1715 16.
411 1692 451 1719 0.
488 1679 635 1719 Vmbra
667 1691 739 1732 per
770 1678 943 1719 medium
986 1690 1103 1720 maris
1147 1673 1259 1718 Crifii
1303 1679 1460 1719 transire

441 1743 670 1782 aestimatur.

235 1812 305 1840 20.
346 1812 416 1851 55.
452 1804 662 1856 Dionysius
694 1805 828 1860 incipit
860 1807 900 1847 in
935 1806 1113 1848 vmbram
1148 1806 1340 1847 incurrere

237 1876 307 1903 21.
349 1878 421 1916 55.
457 1867 667 1921 Dionysius
701 1877 804 1910 totus
844 1871 1098 1925 immergitur.

268 1930 355 1981 23².
396 1930 500 1973 107‘.
537 1934 649 1975 Mare
685 1930 845 1975 Crisium
881 1944 1005 1976 totum
1037 1937 1137 1975 intra
1174 1936 1351 1976 Vmbram
1389 1935 1457 1978 ah-

439 1998 628 2039 sconditur

470 2062 604 2104 Nubes
621 2063 761 2102 iterum
781 2064 957 2116 cop-'osae
974 2062 1223 2116 effingebant,
1244 2076 1339 2117 quae
1363 2077 1453 2106 cum

441 2123 561 2167 hiatus
602 2136 756 2181 agerent
774 2160 785 2179 ,
826 2128 1017 2182 sequentes
1041 2125 1304 2170 concefferunt
1330 2129 1455 2170 obier=

201 2182 325 2225 Tom.
360 2185 395 2228 1.
719 2191 758 2231 O
777 2204 802 2232 o
822 2204 849 2233 o
1381 2204 1452 2232 vav:

145 1939 163 1967 1
174 1918 230 1969 2b.
