1820 2506
702 170 729 227 )(
764 182 818 220 ³³
852 133 885 228 i(

144 285 257 328 annui
287 285 349 340 qui
381 286 631 342 impenduntur
671 286 708 327 in
733 286 982 328 Academiam
1014 284 1264 328 Scientiarum
1297 294 1333 329 et
1349 288 1456 332 Arti-

143 363 202 392 um
222 345 366 405 sumtus
384 382 395 402 ‚
426 352 652 409 constitutam
669 347 929 406 concessamque
945 345 1131 404 summam
1150 363 1194 391 ne
1211 351 1454 404 egrediantur.

256 442 418 485 Tabulis
453 442 673 487 authenticis
705 441 947 485 Sereniffima
990 441 1226 497 Imperatrix
1245 442 1454 501 subscripsit

125 505 266 563 solenni
287 507 457 565 formula
477 541 489 561 ‚

709 578 869 621 RATA
904 577 1059 621 HAEC
1091 577 1314 633 SVNTO,

139 704 275 748 easque
306 691 454 734 tabulas
473 691 595 747 ſsgillo
622 692 764 746 publico
806 693 967 733 nnmiuit.

627 836 661 870 ’Β
781 864 816 899 7*
934 837 968 872 δὲ

255 954 373 998 Nunc
406 952 709 996 differtationum
745 953 792 994 ab
825 954 1069 995 Academicis
1100 955 1140 996 in
1174 957 1330 1010 priuatis
1363 971 1457 999 con-

137 1021 314 1062 ventibus
346 1021 387 1061 vi
419 1019 559 1060 horum
595 1019 853 1059 institutorum
888 1018 935 1059 ab
971 1032 1030 1058 an.
1081 1024 1207 1070 1746.
1247 1023 1459 1074 praeletsta-

137 1098 222 1127 rum
243 1119 253 1138 ,
287 1085 445 1125 breuem
477 1082 706 1123 exhibemus
739 1082 987 1136 conspestum
1008 1116 1018 1135 ‚
1054 1096 1169 1137 quem
1196 1085 1326 1138 postea
1345 1100 1458 1127 com-

137 1150 394 1190 mentationes
427 1147 545 1202 ipfiie,
564 1159 613 1187 eo
639 1159 716 1201 quo
735 1146 938 1187 recensitae
963 1146 1047 1187 sunt
1065 1149 1221 1201 ordine,
1240 1150 1454 1203 excipient.

357 1354 1237 1417 MATHEMATICA.

136 1474 179 1512 L.
211 1471 386 1510 EVLERI
404 1497 413 1514 ,
450 1469 514 1507 DE
548 1469 820 1507 SVPERFICIE
851 1469 1095 1507 CONORVM
1131 1470 1457 1512 SCALENORVM

160 1521 490 1566 ALIORVMQVE
503 1519 774 1558 CORPORVM
791 1519 1080 1558 CONICORVM
1096 1520 1422 1561 DISSERTATIO.

138 1607 316 1724 Varia
346 1627 521 1658 veterum
555 1617 654 1658 circa
687 1615 872 1657 seffiones
907 1618 1057 1658 conicas
1091 1626 1128 1656 et
1164 1630 1352 1659 conorum
1388 1633 1454 1661 na-

272 1692 395 1722 turam
429 1682 468 1722 in
486 1680 620 1735 vulgus
635 1690 726 1721 nota
743 1682 826 1722 sunt
860 1682 1066 1722 molimina
1085 1713 1096 1732 ,
1130 1681 1224 1722 haec
1257 1693 1386 1724 autem
1406 1684 1453 1725 ad

137 1757 257 1786 conos
290 1746 415 1786 re&os
449 1745 693 1786 solummodo
712 1778 723 1797 ,
757 1758 837 1785 non
870 1758 967 1786 vero
1001 1745 1169 1786 scalenos
1194 1756 1257 1786 aut
1275 1747 1347 1787 alia
1367 1761 1452 1788 cor-

137 1821 232 1861 pora
265 1810 397 1850 conica
416 1842 427 1861 ‚
460 1822 622 1863 quorum
657 1808 870 1862 superficies
912 1809 1202 1850 determinanda
1227 1819 1334 1863 erat,
1369 1812 1454 1865 spe-

136 1873 250 1913 cstant.
317 1873 465 1914 Primus
483 1907 493 1926 ‚
529 1874 594 1927 qui
627 1872 807 1914 derelicta
848 1886 869 1914 a
898 1873 1088 1914 veteribus
1114 1884 1336 1925 argumenta
1364 1888 1453 1928 per-

138 1937 336 1993 trastauit,
377 1937 447 1978 fuit
488 1934 574 1977 Cel.
614 1936 855 1990 Varignonus
874 1970 884 1989 ,
927 1939 990 1991 qui
1030 1938 1069 1977 in
1121 1934 1233 1977 Cent.
1280 1937 1335 1979 ΙΙ.
1371 1938 1453 1980 Mi-

137 1999 235 2040 scell.
282 1999 411 2042 Berol.
449 2001 592 2042 lineam
638 2013 790 2042 curuam
830 2000 1009 2042 exhibuit
1028 2034 1038 2053 ,
1072 2002 1178 2040 cuius
1219 2001 1452 2045 construcstio

135 2076 158 2104 a
192 2065 415 2118 quadratura
448 2065 579 2105 circuli
614 2065 757 2118 pendet
775 2098 786 2117 ,
822 2065 1014 2106 mediante
1047 2065 1149 2105 cuius
1175 2065 1452 2108 reecificatione

135 2139 221 2169 area
253 2129 346 2170 coni
379 2128 510 2170 scaleni
543 2127 711 2182 affignari
744 2139 869 2182 queat.
938 2129 1041 2171 Huic
1076 2127 1324 2171 differt-moni
1369 2145 1454 2171 ma-

768 2205 792 2234 e
1359 2207 1452 2248 gnus
