1820 2506
126 166 277 230 QVAE
306 162 450 212 POST
485 162 804 212 MISCELAM
840 164 1189 213 FLVIDORVM
1222 170 1304 218 &a
1365 175 1444 211 161

131 287 295 327 crescere
313 319 324 339 ,
358 295 467 342 parte
484 289 621 342 exigua
647 288 782 333 caloris
808 300 877 343 per
901 288 1228 330 thermometrum
1255 298 1295 329 et
1320 297 1451 331 tenues

132 351 226 391 vasis
242 352 403 403 parietes
421 352 634 405 distributa’,
654 366 770 406 quam
789 354 827 393 in
846 354 1056 399 minoribus
1076 354 1199 394 maffis
1217 353 1361 394 Tab.1.
1401 353 1450 394 In

131 417 403 470 experimento
413 415 443 455 I.
456 416 636 457 iecundae
645 417 742 457 Tab.
754 417 856 457 calor
873 419 989 458 mixti
1008 419 1046 458 in
1056 419 1152 471 vase,
1161 417 1450 458 thermometro

131 478 335 531 immerso,
355 492 425 532 per
446 491 467 527 3
479 487 522 531 5}
541 481 617 534 dig.
639 481 724 521 cub.
745 480 958 522 distributus
974 480 1087 522 fuerit
1105 479 1254 522 neceffe
1273 481 1338 533 est,
1357 493 1448 521 cum

129 543 234 583 calor
243 555 313 596 per
320 545 437 583 mixti
447 543 726 585 soliusmaffam
736 558 805 598 per
816 556 838 592 3
848 556 870 592 3
886 546 1022 598 digitos
1031 546 1114 586 cub:
1125 546 1291 586 distribui
1300 545 1447 585 debeat.

129 606 237 647 Haec
246 606 768 661 voluminadifferuntjmulto
786 609 930 648 minori
941 619 1049 662 parte
1059 609 1268 650 voluminis
1276 609 1392 649 mixti
1404 620 1448 647 ac

128 670 394 724 respondentia
411 670 612 710 volumina
630 670 777 710 tabufiie
794 671 900 711 Imae
920 704 931 723 ,
966 673 1184 725 praesertim
1210 673 1345 726 primis
1378 684 1449 712 ex-

128 734 368 788 perimentis,
403 742 442 773 et
459 735 561 774 idem
580 735 793 775 notandum
812 735 860 775 de
877 735 1175 789 filbsequentibus
1199 736 1448 789 experimen-

129 799 187 838 tis.
253 797 354 837 Hinc
388 796 492 837 calor
526 799 564 837 in
599 799 875 851 experimentis
908 799 1005 839 Tab.
1043 800 1075 840 I.
1114 800 1196 853 plus
1228 813 1250 840 a
1282 799 1449 839 formula

127 873 213 902 mea
245 860 415 901 aberrare
431 861 560 901 debuit
577 895 588 914 ,
623 875 738 915 quam
757 863 797 903 in
816 864 1092 916 experimentis
1124 863 1293 903 Tabulae
1329 863 1447 914 2dae,

124 924 311 979 inquibus
341 926 472 965 minor
490 925 625 965 caloris
659 926 832 977 iactura,
869 935 915 966 vt
944 926 1085 965 collata
1119 926 1196 965 col.
1234 924 1308 965 VI.
1343 925 1443 964 Tab.

123 987 158 1029 I.
195 1002 283 1029 cum
317 988 393 1029 col.
423 988 496 1041 VI,
531 988 627 1029 Tab.
664 988 720 1029 ΙΙ.
754 988 885 1030 videre
917 989 982 1029 est.

240 1052 349 1093 Pone
390 1065 492 1092 nunc
535 1050 683 1093 Clarifl'.
727 1051 930 1094 Krafftium
980 1054 1020 1093 in
1062 1054 1106 1094 iis
1147 1054 1442 1108 experimentis,

123 1117 255 1172 quibus
286 1117 333 1156 ad
364 1116 623 1157 stabiliendam
657 1115 862 1157 formulam
897 1117 977 1156 vsus
1006 1117 1089 1168 est,
1124 1118 1332 1158 adhibuifi‘e
1366 1120 1445 1159 mi-

124 1193 237 1221 nores
268 1180 375 1219 fluidi
407 1178 540 1220 massas
559 1213 570 1232 ,
604 1193 759 1233 quarum
792 1179 898 1219 calor
933 1180 1196 1221 distributione
1230 1194 1299 1235 per
1316 1182 1444 1222 Ther-

124 1253 363 1286 mometrum
393 1252 434 1282 et
466 1257 532 1284 vas
573 1244 858 1287 decrementum
894 1245 975 1297 pati
1009 1244 1156 1296 debuit,
1199 1254 1303 1285 certe
1336 1245 1445 1286 ther-

125 1318 363 1349 mometrum
397 1307 436 1346 in
470 1309 514 1347 iis
547 1308 823 1361 experimentis
855 1309 1025 1348 minores
1068 1309 1203 1362 gradus
1242 1308 1442 1350 ostendere

125 1372 274 1424 debuit,
306 1384 417 1426 quam
442 1369 679 1424 ostendiffet,
713 1371 836 1412 maffis
867 1371 1072 1412 maioribus
1088 1372 1220 1412 electis
1239 1406 1249 1425 ,
1285 1386 1442 1428 quarum

123 1436 228 1476 calor
277 1435 535 1476 distributione
586 1435 653 1476 tali
693 1436 982 1477 decrementum
1023 1444 1170 1477 tantum
1212 1437 1293 1490 pati
1342 1436 1441 1478 haud

122 1499 317 1554 potuisset.
394 1498 435 1540 Si
476 1513 575 1540 nunc
617 1500 789 1552 gradibus
830 1500 904 1540 istis
937 1500 1179 1552 minoribus,
1230 1501 1295 1555 qui
1345 1513 1444 1542 vero

121 1564 239 1604 mixti
273 1564 392 1604 calori
426 1564 677 1604 mensurando
710 1562 884 1603 inseruire
916 1563 1015 1604 haud
1044 1572 1225 1617 poterant
1245 1597 1256 1616 ,
1291 1565 1338 1605 ad
1364 1564 1441 1606 for-

122 1627 267 1669 mulam
300 1628 402 1668 suam
444 1628 685 1669 condendam
729 1624 877 1668 Clariss‘.
933 1629 994 1668 vir
1043 1627 1125 1668 vsus
1174 1628 1257 1680 est,
1292 1628 1443 1682 semper

122 1704 192 1744 per
231 1705 315 1733 eam
354 1691 560 1733 formulam
601 1692 772 1732 minores
812 1692 1054 1732 inueniuntur
1095 1692 1228 1745 gradus
1270 1692 1441 1734 calorum

123 1768 239 1808 quam
282 1769 348 1808 par
392 1757 445 1796 est
463 1789 474 1807 ,
516 1766 556 1797 et
598 1769 792 1811 nunquam
812 1789 822 1808 ,
866 1756 932 1796 nisi
976 1753 1114 1796 massae
1157 1755 1265 1795 fluidi
1305 1769 1441 1809 parum

124 1817 341 1859 differentes
373 1819 419 1859 ab
452 1820 497 1859 iis
515 1853 525 1872 ,
560 1833 648 1874 quas
681 1819 851 1861 adhibuit
893 1821 940 1860 ad
980 1818 1186 1860 formulam
1228 1820 1330 1860 suam
1371 1821 1443 1860 sta-

124 1881 330 1923 biliendam
349 1916 360 1935 ,
395 1883 577 1937 eligantur
596 1916 607 1935 ,
640 1883 967 1925 thermometrum
994 1883 1168 1924 ostendet
1192 1885 1326 1936 gradus
1340 1885 1443 1925 calo⁴

126 1959 216 1986 rum
250 1946 320 1986 sec.
356 1946 562 1988 formulam
582 1981 593 1999 ,
629 1946 690 1988 sed
724 1949 909 1999 maiores,
943 1948 971 1988 fi
989 1946 1129 1988 maffae
1153 1948 1315 1987 maiores
1347 1960 1442 1989 exa-

124 2011 351 2063 minantur·⁷
386 2024 472 2052 cum
506 2021 634 2052 tamen
665 2023 735 2065 per
768 2021 941 2052 naturam
981 2013 1037 2051 rei
1075 2024 1267 2065 nunquam
1307 2013 1444 2065 gradus

125 2073 411 2116 thermometro
443 2076 587 2119 inuenti
619 2076 754 2131 gradus
788 2089 857 2129 per
898 2088 1032 2117 veram
1069 2074 1273 2118 formulam
1314 2076 1444 2116 detera

192 2138 314 2180 Tom.
351 2138 384 2181 Ι.
769 2141 814 2182 Χ
1319 2140 1442 2181 mina«
