1820 2506
230 185 314 233 OV
312 185 362 229 IS
391 181 499 231 PRO
534 182 1045 232 HERMAPHRODITO
1088 187 1129 231 H
1136 186 1285 232 ABITI
1330 203 1412 241 331

249 305 366 347 Anna
400 306 524 348 Maria
558 307 703 347 coniux
737 306 959 362 Tubicinis,
1002 309 1062 349 cui
1104 304 1254 349 nomen
1295 306 1419 350 Caro·

99 374 153 414 lus
185 369 296 425 Lang
329 371 382 411 est
401 404 412 423 ,
449 384 558 412 nono
592 372 798 425 puerperio
829 373 944 414 enixa
976 373 1029 414 est
1061 371 1247 413 infantem
1264 384 1420 428 tempo-

98 449 143 478 re
174 436 376 476 natiuitatis
411 449 484 489 pro
508 435 633 490 puella
663 435 837 477 hab1tum
855 468 868 489 ,
899 450 1014 491 quare
1045 437 1100 478 illi
1134 450 1277 478 nomen
1295 436 1436 480 Char--

99 502 217 543 lottae
232 500 364 540 datum
384 499 449 540 est.
518 500 556 540 T
557 500 665 540 sacru
698 510 826 541 autem
846 503 1053 556 temporiS,
1086 511 1170 542 orta
1201 503 1419 555 parentibus

100 565 309 618 suspicione
326 565 425 604 circa
466 564 612 616 sexum,
655 563 787 604 Mater
830 564 995 607 filiolam
1030 565 1134 607 suam
1167 567 1385 619 putatitiam
1405 600 1433 620 ,,

99 630 176 671 iam
210 630 352 681 septem
389 640 509 668 annos
545 637 674 668 natam
693 659 705 679 ‚
739 626 989 671 Scientiarum
1031 629 1266 671 Academiae
1308 644 1420 685 prae-

102 693 164 734 bet
197 691 461 745 spec'tandam,
496 700 541 732 vt
574 690 768 745 scrupulus
800 693 967 734 tollatur.
1035 693 1141 735 Data
1159 704 1244 735 tum
1267 694 1337 736 fuit
1363 696 1421 737 rei

101 755 295 810 inquisitio
320 788 331 807 ‚
365 755 478 795 beato
510 755 589 796 iam
624 755 907 798 Weitbrechto
926 791 938 812 ,
973 759 1038 813 qui
1080 767 1120 799 et
1158 767 1243 799 tum
1284 759 1420 800 inuen-

99 830 231 862 torum
264 818 440 872 amplam
480 819 644 860 reddidit
682 821 911 862 relationem
929 855 940 875 ‚
975 833 1014 862 et
1047 822 1193 862 merito
1232 823 1418 865 conclusit

95 884 277 925 creditam
307 884 475 936 puellam
511 882 619 924 fuiffe
651 897 815 938 puerum
834 917 846 937 ‚
886 898 999 939 atque
1039 886 1232 926 defectum
1273 887 1430 939 genita--

94 948 190 989 lium
227 946 349 988 solum
382 945 605 1002 imposuisse
638 960 843 989 errorem:
878 948 994 988 relata
1033 958 1146 1003 atque
1181 959 1416 1004 argumenta,

91 1012 131 1056 in
162 1011 439 1066 compendium
471 1011 671 1052 contracta
689 1045 701 1065 ,
735 1012 808 1053 hac
841 1013 1042 1053 occasione
1085 1013 1235 1054 addam.

230 1076 280 1117 In
322 1075 480 1117 elatiore
512 1075 598 1116 sede
638 1075 961 1127 synchondrofios
991 1076 1128 1118 offium
1145 1077 1253 1131 pubis
1271 1111 1282 1131 ,
1317 1077 1430 1120 inter.

92 1140 220 1194 capita
247 1140 377 1193 prima
410 1138 669 1180 musculorum
688 1140 903 1193 tricipitum
938 1138 1013 1195 (1),
1047 1150 1177 1182 ortum
1196 1141 1413 1182 membrum
1435 1158 1461 1177 ι-
1486 1147 1557 1178 Τεώι
1579 1147 1649 1182 x1.-.

94 1204 188 1259 peni
228 1202 347 1244 virili·
369 1202 524 1256 ssmile,
565 1216 665 1243 nunc
707 1203 912 1244 flaccidum
933 1237 944 1257 ,
986 1217 1098 1245 nunc.
1127 1206 1291 1259 rigidum
1311 1239 1322 1258 ,
1355 1206 1414 1246 iu·
1429 1190 1491 1229 ἓν
1534 1199 1565 1220 ¹·
1594 1193 1634 1220 A·

93 1279 256 1308 curuum
313 1268 542 1308 terminatur
597 1268 638 1307 in
680 1268 858 1321 glandem
902 1268 1011 1323 penis
1031 1301 1043 1320 ,
1085 1281 1167 1311 non
1202 1270 1387 1311 clitoridis
1405 1303 1416 1322 ‚

93 1329 387 1387 fimilem=(2)‘.
424 1343 566 1387 corpus
598 1341 731 1373 autem
766 1334 932 1374 membri
967 1336 1109 1387 tegitur
1150 1343 1235 1375 cute
1254 1367 1266 1387 ,
1307 1334 1396 1389 glan
1428 1333 1485 1374 (ε)
1509 1335 1629 1370 ibid-C·

93 1396 185 1437 dem
218 1395 360 1437 nudam
392 1395 630 1450 relinquente
649 1429 660 1449 ,
692 1397 780 1451 post
811 1410 997 1438 coronam
1034 1398 1090 1439 illi
1124 1398 1216 1439 loco
1256 1399 1395 1441 consue

95 1469 139 1500 to
171 1460 322 1513 alligata
356 1457 416 1517 (3)
433 1473 449 1516 3
483 1460 591 1514 glans
620 1460 697 1516 ipsa
731 1460 874 1504 sulcum
906 1463 1041 1503 leuiter
1081 1463 1312 1517 profundum
1354 1462 1484 1505 sed<3)
1506 1467 1575 1497 ibid·
1595 1466 1627 1496 B·

94 1536 256 1566 coecum
288 1525 417 1577 gerit,
450 1525 543 1565 dum
577 1537 627 1565 eo
661 1538 782 1579 vsque
818 1526 970 1567 vrethta
1005 1539 1085 1567 non
1120 1529 1315 1581 pertingit.

230 1588 331 1629 Infra
387 1588 464 1629 h‘oc
519 1589 740 1630 membrum
790 1591 985 1645 Vtrimque
1037 1592 1233 1645 promintt
1284 1603 1415 1633 tumor

94 1662 271 1694 cutaneus
303 1652 495 1707 oblongus
512 1685 523 1705 ,
562 1654 745 1708 turgidus,
788 1656 938 1709 rugosus
956 1688 967 1707 ,
1003 1656 1107 1697 tactu
1142 1669 1253 1697 cauus
1287 1657 1407 1710 perci-

95 1717 263 1771 piendus«
287 1714 349 1772 (4)
368 1750 379 1769 ,
411 1719 515 1758 vnde
549 1729 734 1773 apparet,
768 1721 868 1773 quasi
902 1720 1068 1761 scrotum
1102 1721 1211 1761 iuxta
1244 1720 1394 1774 longsstu
1426 1724 1622 1763 <43ibid·D·D·

96 1781 225 1821 dinem
247 1778 403 1820 vsuturae
438 1781 640 1823 diffefflim
675 1784 721 1824 ab
757 1793 920 1838 Vtroque
957 1797 1060 1839 parte
1094 1785 1141 1825 ad
1175 1785 1269 1826 latus
1293 1787 1411 1827 inter-

97 1857 192 1885 num
225 1844 412 1885 reflexum
456 1855 495 1885 et
538 1847 677 1887 iterum
719 1849 923 1889 adunatam
960 1850 1059 1889 foret
1080 1882 1090 1901 ‚
1124 1859 1169 1890 vt
1210 1850 1262 1890 ita
1302 1851 1410 1905 sepa·

96 1918 218 1948 ratum
251 1918 291 1949 et
321 1908 544 1962 singularem
576 1910 724 1952 saccum
757 1915 948 1967 Vtrimque
967 1913 1171 1954 constituat
1190 1947 1201 1967 ,
1235 1915 1298 1968 qui
1318 1929 1409 1970 pro.

99 1973 188 2026 prio
220 1983 331 2014 motu
363 1973 569 2026 flacceffit,
604 1986 641 2015 et
673 1981 902 2030 corrugatur.
969 1978 1142 2032 Vterque
1180 1989 1305 2020 autcm
1336 1981 1410 2021 sac-

99 2048 165 2077 cus
197 2037 372 2078 continet
401 2039 664 2093 corpusculum
698 2044 887 2094 quoddpm
909 2076 918 2093 ,
955 2042 1209 2084 duriusculum
1230 2077 1241 2095 ,
1279 2043 1407 2085 subr00

99 2103 261 2144 tundum
281 2134 293 2156 ,
326 2101 513 2144 lubricum
531 2137 542 2157 ‚
574 2117 649 2159 pro
681 2106 852 2146 testiculo
885 2106 1103 2148 habendum
1121 2140 1133 2161 ‚
1167 2107 1270 2163 quod
1313 2121 1409 2149 (οτιι

679 2169 718 2210 T
744 2179 760 2210 t
796 2183 821 2209 2
1267 2172 1409 2213 tretia*
