1820 2506
373 191 460 240 164
648 188 731 230 DE
765 187 1097 249 QVANTITAT
1093 188 1131 228 E
1163 186 1407 233 CALORIS

368 305 653 361 atmosphaerae
702 307 904 348 ambientis
922 339 932 358 ‚
983 305 1074 344 hinc
1126 317 1205 344 non
1247 306 1380 346 inutile
1421 303 1499 347 effe
1534 307 1685 349 videtui·

367 371 570 412 nonsolum
607 373 841 424 temperiem
876 370 993 419 aeris,
1026 370 1065 407 in
1083 382 1161 422 quo
1195 368 1240 408 fit
1257 372 1590 425 experimentum,
1616 385 1684 412 co-

366 434 565 487 gnoscere,
599 434 658 474 sed
678 436 795 474 etiam
812 431 1057 472 interuallum
1083 434 1289 486 temporis,
1319 445 1389 486 per
1413 436 1516 487 quod
1531 437 1686 489 experi-

367 508 545 539 mentum
563 499 686 537 ‘durat
705 529 715 549 ,
750 507 794 536 vt
829 496 918 535 hinc
951 496 1114 536 iudicare
1151 497 1264 536 liceat
1282 530 1292 549 ‚
1327 507 1510 550 quantum
1551 499 1688 540 caloris

365 560 561 614 aufugerit.
638 559 680 601 Si
720 561 818 600 ratio
851 559 960 599 liuius
1002 560 1196 601 momenti
1229 560 1430 612 habeatur,
1470 563 1688 603 coniectura

366 625 556 679 probabili
589 622 730 677 assequi
762 625 975 677 poterimus
1006 625 1217 676 rationem,
1248 637 1314 664 cur
1357 625 1397 664 in
1439 627 1685 678 experimen-

368 689 416 728 tis
433 701 511 728 non
531 688 767 728 decreuerint
785 686 1017 727 differentiae
1035 688 1218 740 graduum
1244 687 1528 728 tliermometro
1545 691 1686 730 inuen-

368 761 499 792 torum
527 765 548 790 a
564 751 733 804 gradibus
750 751 883 791 calculi
899 750 1112 791 constanter
1135 752 1391 792 voluminibus
1406 752 1656 794 crescentibus
1673 785 1685 804 ‚

368 816 559 855 vnienim
575 816 849 868 experimento
865 813 1022 854 fortassis
1053 814 1138 867 plus
1172 816 1357 868 temporis
1390 816 1596 857 insumtum
1631 817 1684 857 est

368 892 485 932 quam
519 878 625 918 alteri
659 888 697 918 et
731 879 771 918 in
805 878 952 917 vltimis
985 879 1258 930 experimentis
1290 880 1496 932 temperies
1528 881 1645 921 mixti
1663 894 1686 921 a

368 942 560 995 temperie
610 943 704 981 aeris
724 941 806 994 plus
831 940 976 980 receffit
993 974 1004 992 ,
1046 951 1328 994 eaqueproptcr
1361 943 1501 983 eodem
1532 953 1687 998 tempo-

369 1006 420 1047 ris
453 1004 659 1045 interuallo
693 1004 778 1057 plus
811 1004 945 1044 caloris
978 1005 1118 1056 aufugit
1153 1017 1205 1044 ex
1248 1004 1319 1046 hac
1360 1007 1463 1046 causa
1482 1039 1492 1058 ,
1535 1017 1580 1047 vt
1620 1007 1687 1049 tali

369 1068 519 1109 ratione
552 1069 593 1108 in
626 1068 775 1108 vltimis
792 1068 1071 1120 experimentis
1090 1081 1158 1121 per
1176 1067 1275 1108 hanc
1295 1069 1439 1108 caulam
1458 1071 1600 1111 iactura
1624 1085 1688 1111 ca-

368 1131 463 1171 loris
495 1131 540 1171 sit
573 1132 695 1170 maior
715 1163 725 1183 ,
761 1131 903 1170 iactura
935 1143 988 1169 ex
1021 1131 1284 1170 distributione
1317 1133 1451 1172 caloris
1485 1147 1555 1186 per
1581 1134 1690 1174 ther-

369 1202 609 1236 mometrum
643 1203 681 1233 et
715 1206 782 1233 vas
817 1206 914 1233 vero
931 1194 1094 1247 minor3
1131 1194 1383 1247 quamobrem
1402 1196 1692 1238 decrementum

369 1257 508 1298 caloris
540 1258 580 1297 in
614 1257 748 1311 primis
781 1258 1059 1310 experimentis
1093 1258 1343 1298 decremento
1377 1259 1510 1310 caloris
1541 1260 1583 1300 in
1624 1260 1693 1301 vl.-

370 1321 481 1364 timis
510 1320 639 1377 aliquo
657 1321 780 1363 modo
816 1321 969 1376 aequale
1006 1321 1187 1363 redditur.

493 1450 544 1508 5)
579 1451 701 1492 Valde
733 1450 932 1506 probabile
974 1451 1072 1493 mihi
1115 1452 1267 1492 videtur
1301 1452 1557 1495 differentiam
1593 1456 1687 1496 oriri

374 1515 511 1556 debere
553 1516 739 1568 insignem
781 1517 822 1555 in
864 1517 1140 1568 experimentis
1175 1516 1425 1569 huiusmodi,
1461 1518 1488 1558 fi
1521 1518 1691 1571 frigidius

374 1579 537 1621 fluidum
583 1579 757 1619 calidiori
809 1578 1014 1619 affimditur
1035 1612 1045 1630 ,
1097 1592 1185 1619 cum
1228 1578 1394 1632 frigidius
1446 1581 1605 1622 fluidum
1644 1592 1690 1623 vt

373 1643 521 1684 densius
560 1643 639 1683 ima
678 1652 809 1695 petere
848 1643 981 1682 debeat
1022 1653 1060 1682 et
1092 1643 1243 1683 calidius
1275 1645 1315 1682 in
1348 1643 1531 1697 frigidiori
1563 1646 1687 1686 ascen·

374 1707 464 1747 dere
481 1739 494 1757 ,
527 1706 796 1759 consequenter
818 1706 966 1747 miscela
1001 1706 1158 1746 celerius
1189 1706 1272 1746 fieri
1291 1739 1301 1758 ,
1336 1721 1448 1760 quam
1473 1708 1500 1748 fi
1534 1710 1688 1750 calidius

374 1769 561 1823 stigidiori
595 1769 800 1810 affunditur
818 1803 828 1821 ,
870 1783 949 1824 quo
983 1769 1064 1810 casu
1097 1770 1207 1812 simul
1241 1771 1326 1824 plus
1359 1771 1495 1811 caloris
1535 1772 1688 1826 aufuge-

375 1847 418 1876 re
449 1834 601 1874 videtur
632 1846 686 1874 ex
717 1833 914 1887 superficie
956 1846 1074 1887 aquae
1107 1833 1248 1875 calidae
1281 1833 1389 1887 super
1420 1848 1554 1888 aquam
1585 1835 1690 1889 frigi·

376 1898 466 1938 dam
501 1897 715 1950 stagnantis.
784 1898 889 1938 Haec
929 1896 1052 1938 adhuc
1094 1898 1219 1952 potest
1259 1898 1343 1938 addi
1376 1899 1475 1938 ratio
1507 1913 1572 1940 cur
1604 1913 1688 1953 gra-

375 1962 444 2002 dus
479 1960 764 2002 thermometro
797 1962 869 2002 sint
901 1962 1049 2001 inuenti
1081 1963 1251 2003 minores
1283 1974 1396 2014 qmim
1423 1962 1584 2003 formula
1602 1977 1689 2006 mea

376 2024 553 2078 postulat.
617 2026 694 2066 Hic
730 2025 845 2066 etiam
879 2025 1114 2077 notandum,
1134 2025 1460 2066 thermometrum
1495 2036 1582 2066 ante
1601 2040 1689 2081 per-

376 2087 502 2131 πάλαι
550 2089 788 2133 mixtionem
831 2098 869 2131 et
909 2088 1211 2132 distributionem
1252 2088 1388 2132 caloris
1405 2123 1417 2145 ,
1450 2091 1608 2147 gradum
1643 2104 1690 2132 o-

1586 2155 1690 2198 sten-
