1820 2506
356 187 452 234 ¹296
654 174 1038 226 MECHANIC'AE
1071 179 1379 226 COELESTIS

367 307 398 343 6
431 312 469 344 et
503 299 718 356 peripheria
753 314 809 352 42
847 299 1020 340 dentibus
1049 300 1103 340 est
1137 299 1324 340 insti-ueta.
1389 301 1581 343 Posterior
1606 301 1675 343 ha-

364 382 451 410 rum
486 379 581 407 vero
613 378 693 406 non
727 365 771 406 fit
806 365 1004 406 coronaria
1023 397 1034 417 ,
1068 365 1394 419 quemadmodum
1434 367 1553 420 vulgo
1592 366 1676 407 fieri

363 433 459 474 solet
478 464 489 484 ‚
521 431 584 471 led
617 430 769 471 radiata.
837 427 883 484 6)
918 428 1025 469 Haec
1059 431 1187 483 quinta
1219 429 1334 481 agitet
1354 439 1481 469 rotam
1498 432 1676 471 vltimam

365 510 390 539 n
430 496 606 536 serratam
625 527 636 547 ‚
686 505 735 542 15
782 492 954 533 dentibus
995 493 1184 533 inclinatis
1218 491 1450 544 instruCtam,
1488 495 1679 534 mediante

367 569 556 612 tympano
589 562 618 597 6
655 558 840 597 dentium.
910 554 953 611 7)
989 555 1111 610 Supra
1143 565 1314 596 centrum
1348 555 1457 596 huius
1475 567 1581 596 rotae
1598 556 1680 597 col-

365 625 514 665 locetur
547 623 630 661 axis
662 621 839 673 pinnatus
872 631 907 671 r,
940 632 1030 661 cum
1064 620 1234 674 pendulo
1263 627 1304 674 p,
1338 621 1403 669 7²²
1420 621 1568 660 circiter
1591 620 1680 662 lon-

365 700 419 742 go
437 720 449 738 ,
484 696 694 726 connexus.
763 683 806 725 Si
836 684 915 724 iam
947 686 1012 744 axi
1045 694 1154 725 rotae
1186 685 1336 738 primae
1356 683 1530 738 affigatur
1547 685 1685 738 index,

365 760 491 807 partes
524 747 752 803 principales
786 748 983 802 horologii
1016 758 1127 789 erunt
1168 749 1421 790 constructae.

515 814 549 862 ξ.
585 827 628 863 9.
663 812 772 866 Opus
804 821 883 852 erat
913 812 954 851 in
989 813 1119 852 nostro
1150 812 1360 865 horologio
1402 813 1543 854 euitare
1582 821 1684 853 rotas

364 878 614 920 loculamenti
647 877 844 917 anterioris
877 874 889 930 (
919 876 982 915 das
1014 876 1350 929 Vorlegewerck)
1384 878 1470 931 quia
1502 877 1591 917 alias
1624 877 1686 917 in-

366 943 446 983 dex
488 941 721 994 aliquantum
763 939 855 979 hinc
894 940 984 979 inde
1027 940 1193 980 vacillat.
1263 941 1366 981 Hinc
1409 942 1526 981 etiam
1569 941 1687 982 elater

368 1006 561 1048 mediante
594 1003 679 1057 ipso
712 1003 837 1043 indice
869 1003 1122 1044 intendendus
1163 1004 1228 1044 est.
1295 1004 1508 1045 Adducitur
1549 1005 1687 1045 deinde

368 1070 488 1117 index
522 1068 568 1108 ad
601 1067 741 1108 horam
777 1066 1023 1107 desideratam
1043 1100 1054 1119 ,
1087 1068 1179 1108 dum
1215 1069 1426 1121 pendulum
1469 1068 1658 1109 attollitur
1674 1100 1687 1121 ‚

368 1134 420 1173 ita
439 1165 450 1183 ‚
485 1140 530 1170 vt
563 1142 698 1169 omnes
729 1138 836 1168 rotae
868 1129 907 1167 in
948 1139 1101 1170 motum
1141 1133 1415 1184 concitentur·⁷
1460 1132 1688 1172 Attenditur

369 1204 458 1236 tum
490 1193 535 1234 ad
568 1193 737 1233 indicem
757 1193 996 1232 minutorum
1016 1225 1027 1245 ,
1062 1203 1100 1234 et
1118 1194 1209 1234 dum
1230 1193 1292 1234 hic
1312 1204 1560 1236 momentum
1579 1207 1690 1248 prae·

368 1259 449 1303 sens
483 1257 624 1299 indicat
641 1290 652 1309 ‚
686 1256 896 1311 pendulum
928 1256 1108 1303 liberatur
1141 1267 1180 1297 et
1219 1259 1265 1299 ad
1306 1258 1553 1300 osculandum
1595 1270 1692 1300 con-

371 1324 519 1365 citatur.
586 1321 671 1364 Iam
705 1333 757 1362 ex
792 1320 1078 1362 construetione
1111 1321 1307 1377 horologii
1339 1322 1449 1363 facile
1482 1323 1691 1374 deducitur,

371 1388 476 1442 quod
506 1386 534 1428 fi
567 1385 779 1441 pendulum
814 1385 1016 1426 instruatur
1045 1395 1154 1426 tanto
1196 1387 1434 1441 pondusculo
1454 1419 1464 1439 ,
1506 1397 1552 1427 vt
1591 1388 1692 1428 intra

372 1453 564 1494 minutum
599 1451 769 1505 primum
808 1456 908 1499 171}
943 1450 1175 1491 vibrationes
1215 1451 1378 1492 absoluat
1396 1484 1406 1503 ,
1446 1460 1530 1491 rota
1568 1452 1692 1504 prima

375 1516 473 1556 intra
527 1529 584 1565 24
626 1514 739 1554 horas
781 1523 820 1554 et
861 1515 968 1554 tertia
1009 1515 1109 1555 intra
1147 1513 1287 1556 horam
1327 1514 1441 1556 semel
1488 1516 1690 1556 circuittun

373 1578 481 1621 suum
514 1577 730 1634 perficient.

516 1643 551 1693 ξ.
594 1654 663 1682 10.
696 1641 790 1697 Quo
823 1654 920 1682 vero
952 1641 1071 1682 index
1105 1640 1276 1684 horarius
1307 1643 1353 1683 ad
1387 1641 1580 1697 speculum
1599 1654 1694 1683 con-

377 1708 610 1748 vertendum
643 1706 688 1748 fit
720 1705 890 1758 idoneus,
924 1706 964 1748 in
1004 1707 1083 1747 eius
1123 1707 1239 1747 altera
1271 1708 1527 1758 extremitate,
1554 1707 1601 1748 ab
1618 1719 1693 1747 axe

387 1781 408 1822 5
432 1772 591 1826 pollices
624 1771 794 1823 distante,
834 1770 1197 1823 perpendiculariter
1212 1771 1523 1812 adfer-ruminetur
1545 1770 1693 1812 tubulus

218 1843 278 1883 νίς.
305 1842 333 1873 6.
382 1849 410 1879 v
444 1836 639 1890 (n.1)qui
672 1836 711 1874 in
745 1835 903 1875 cauitata
935 1834 993 1876 sua
1027 1836 1118 1875 axin
1149 1835 1363 1876 verlatilem
1397 1833 1692 1890 fiircaeu(n.3)

382 1909 501 1954 gerat.
567 1900 673 1943 Intra
704 1912 810 1939 crura
840 1899 962 1939 furcae
994 1900 1230 1953 suspendatur
1262 1901 1342 1940 axis
1373 1913 1401 1941 x
1422 1899 1596 1940 tubulum
1617 1899 1692 1940 mi-

382 1977 519 2006 norem
553 1977 627 2019 pro
658 1963 876 2005 insum-anda
909 1965 1025 2004 cauda
1058 1964 1197 2018 speculi
1214 1976 1357 2018 gerens.
1425 1964 1480 2005 Et
1501 1964 1528 2006 fi
1545 1963 1693 2004 machi-

383 2039 433 2068 na
451 2031 568 2069 etiam
586 2031 625 2069 in
659 2029 833 2070 minimis
864 2027 1124 2069 altitudinibus
1157 2029 1236 2068 vsui
1269 2027 1345 2069 effe
1378 2029 1510 2081 debet,
1536 2027 1694 2068 altitudo

382 2091 508 2142 furcae
539 2095 649 2149 supra
682 2093 850 2134 indicem
882 2092 1045 2147 aequalis
1073 2092 1119 2135 fit
1150 2095 1320 2148 tangenti
1359 2093 1584 2135 eleuationis
1631 2104 1694 2132 ae-

1600 2168 1692 2211 qua-
