1820 2506
228 172 356 217 OVIS
389 167 501 218 PRO
541 165 1056 214 HERMAPHRODITO
1090 166 1298 211 ΗΑΒΙΤῘ.
1335 181 1420 220 ,⁰321

114 286 216 343 gitur
245 295 333 328 cute
366 286 576 329 admodum
608 285 696 327 laxa
713 317 724 339 ‚
758 284 984 341 plerumque
1016 284 1255 326 transuerfim
1280 287 1427 340 rugosa,

112 351 197 405 post
238 352 383 405 glandis
419 364 606 393 coronam
625 384 636 403 ,
678 358 724 391 vt
762 350 803 391 in
845 350 924 391 aliis
964 347 1059 389 solet
1076 381 1087 401 ‚
1129 362 1310 404 annexa3
1348 362 1430 403 quo

111 416 269 469 propius
303 415 482 468 glandem
516 415 662 456 accedit
680 447 690 467 ‚
731 426 782 454 eo
815 413 980 468 amplior
998 445 1008 464 ,
1049 412 1140 453 hinc
1191 414 1243 456 ob
1283 414 1426 467 spatio-

108 478 185 520 sam
220 480 437 532 largitatem
470 479 573 520 suam
606 478 734 532 glandi
767 478 940 532 amplum
975 478 1217 531 praeputium
1245 477 1424 532 paebens.

111 539 220 584 Cutis
253 552 380 583 autem
414 556 494 584 non
529 553 655 583 totum
686 543 903 584 membrum
936 540 1056 583 ambit
1074 573 1084 593 ,
1119 540 1180 581 sed
1220 542 1260 581 in
1303 542 1425 582 auerffi

106 606 193 646 sede
225 606 271 646 ad
302 606 626 659 compensandum
659 605 890 659 fnoenulum,
925 605 1030 659 quod
1063 613 1225 659 propter
1254 604 1424 647 hiulcum

108 670 255 723 glandis
287 670 418 710 statum
440 702 450 721 ,
485 670 532 710 de
566 682 645 724 quo
685 670 856 710 diximus
874 702 885 722 ,
927 670 968 709 in
1008 669 1140 709 medio
1182 668 1301 710 locari
1342 682 1425 710 non

108 743 259 787 poterat
276 766 287 785 ,
322 746 373 773 ex
404 742 570 788 vtroque
602 734 715 773 latere
747 733 834 787 post
867 742 1126 774 memoratam
1145 745 1313 774 coronae
1332 746 1425 788 pro·

108 797 355 838 tuber-antiam
387 797 555 850 affigitur
572 831 583 850 ,
618 806 659 837 et
691 810 812 850 porro
846 796 951 837 sulco
985 797 1069 850 ipsi,
1100 796 1306 839 secundum
1339 797 1422 838 lon-

107 861 320 914 gitudinem
354 863 534 914 marginis
558 863 653 914 eius,
689 861 814 901 stricte
852 859 1096 914 adnascitur3
1131 874 1227 914 quae
1268 862 1424 914 quidem

105 924 232 966 strieta
264 934 377 978 atque
409 925 512 965 arcsta
544 927 641 965 cutis
670 926 869 964 connexio
902 923 1048 974 efficit,
1082 931 1127 963 vt
1167 924 1391 965 membrum
1410 957 1422 977 ,

105 989 259 1042 quando
290 990 387 1041 riget
405 1021 416 1041 ,
450 990 678 1040 incuruetur‚
711 988 798 1043 quia
817 987 910 1028 haec
944 987 1113 1028 strietura
1130 1000 1212 1030 non
1247 988 1300 1028 ita
1332 989 1425 1029 faci-

104 1051 142 1093 le
177 1052 392 1093 extensioni
425 1053 560 1093 cedere
594 1052 718 1105 potest
738 1085 748 1103 ,
785 1065 827 1092 ac
868 1051 1037 1105 superior
1079 1052 1173 1092 cutis
1212 1051 1341 1093 laxior
1383 1061 1424 1095 et

103 1116 268 1157 mobilis.
336 1116 448 1156 quta
481 1117 647 1156 membri
679 1116 872 1167 originem
905 1116 1085 1168 vtrinque
1118 1116 1215 1155 cutis
1240 1116 1423 1170 protube-

105 1189 163 1220 rat
197 1179 473 1231 turgidiuscula‚
511 1179 595 1219 laxa
626 1180 666 1219 in
701 1191 807 1231 rugas
840 1178 1044 1233 profundas
1062 1211 1073 1231 ‚
1114 1178 1307 1233 eleganter
1348 1181 1422 1221 cri-

103 1242 235 1297 spatas‚
269 1243 591 1296 quemadmodum
624 1243 788 1284 scrotum
809 1253 1055 1296 corrugatum
1090 1242 1166 1284 effe
1198 1243 1289 1284 solet
1307 1276 1319 1295 ‚
1352 1243 1418 1286 ob<

103 1306 205 1361 lique
237 1307 395 1348 lunatim
430 1308 639 1348 incuruatas
671 1317 710 1347 et
727 1308 951 1361 perinaeum
984 1306 1110 1349 versus
1141 1306 1420 1363 descendentes,

104 1371 343 1425 complicata.
412 1372 519 1413 Haec
552 1373 650 1412 cutis
683 1372 862 1413 strustura
894 1385 975 1412 non
1009 1373 1142 1426 inepte
1173 1373 1327 1426 quidem
1345 1385 1421 1428 pro

103 1435 296 1476 ruderibus
326 1436 440 1477 scroti
472 1437 661 1477 dimidiati
694 1446 732 1477 et
764 1438 944 1490 vtrinque
978 1436 1118 1477 sursum
1153 1437 1310 1478 retratsti
1351 1437 1422 1477 ha-

105 1498 184 1539 beri
217 1501 374 1554 potest3
411 1500 474 1541 sed
505 1510 544 1540 et
574 1501 670 1541 labia
702 1500 800 1541 finus
839 1501 1033 1541 muliebris
1062 1500 1226 1540 simulat.
1251 1519 1256 1523 ·
1302 1499 1426 1548 Certev

102 1562 142 1604 in
176 1561 377 1605 Michaele
407 1563 659 1618 superficiario
700 1564 849 1604 obtuitu
881 1563 1090 1617 perfectam
1124 1573 1163 1604 et
1204 1563 1417 1618 elegantem

103 1626 296 1668 concham
328 1628 554 1677 mliebrem
588 1629 712 1669 refert.
781 1628 887 1684 Quid
919 1640 1049 1669 autem
1092 1630 1131 1668 in
1173 1627 1312 1671 harum
1354 1643 1418 1671 ru-

106 1703 236 1744 garum
270 1694 431 1733 cauitate
465 1695 610 1733 interna
644 1693 783 1745 lateat,
819 1693 926 1735 testes
962 1706 1008 1732 an
1052 1690 1217 1733 oum-ia?
1261 1693 1419 1734 difficile

105 1755 158 1794 est
189 1756 324 1808 didus,
359 1755 455 1796 solus
485 1757 604 1796 taetus
637 1758 683 1797 ad
716 1758 979 1811 quaestionem
1011 1757 1226 1798 soluendam
1248 1771 1327 1797 non
1347 1757 1418 1799 suf-

107 1817 200 1859 ficit.
267 1818 314 1860 In
347 1819 573 1860 Abrahamo
608 1821 709 1861 nulla
743 1822 1001 1863 testiculorum
1030 1821 1418 1875 vestigiadeprehen-

107 1883 273 1936 duntur3
311 1884 349 1923 in
382 1884 569 1923 Terentio
605 1894 728 1925 autem
758 1889 937 1939 vtrinque
969 1899 1108 1939 corpus
1148 1886 1302 1939 aliquod
1346 1887 1417 1927 ob-

108 1946 268 1999 longum
301 1948 503 1988 vesiculare
534 1947 672 1988 subesse
692 1982 702 2001 ,
737 1959 775 1988 et
809 1952 848 1988 in
879 1951 1031 2003 inguine
1063 1963 1183 2003 vsque
1217 1950 1262 1989 ad
1298 1963 1414 1995 annu.

109 2009 166 2051 los
200 2011 425 2064 processibus
460 2014 647 2066 per-itonei
685 2015 982 2067 transmittendis
1016 2015 1413 2068 interuientespertin-

108 2086 197 2128 gere
222 2109 232 2126 ‚
267 2075 368 2115 tanstu
399 2076 624 2130 dignoscitur
643 2110 654 2131 ,
691 2078 873 2133 quodlan
907 2091 980 2134 pro
1023 2078 1181 2120 testiculi
1213 2077 1416 2123 fimulacro

170 2139 290 2184 Tomv
326 2139 359 2182 Ι9
765 2139 792 2186 S
819 2154 834 2183 s
1365 2156 1411 2185 an
